1991 3321
974 302 1255 346 -82-

404 414 509 459 iniit
530 415 706 469 fugeret,
747 414 974 470 probabilia
1009 428 1201 459 nau-asso
1239 416 1468 460 Cardanum
1499 421 1539 465 et
1571 413 1825 459 murel-:-

403 483 504 525 lium
521 495 613 523 *non
641 481 1109 525 aliterdemonstrabnnt
1129 483 1215 536 *qui
1241 484 1409 526 alteram
1433 483 1550 534 inm
1575 487 1707 528 tenent
1720 495 1827 524 sen-

405 550 589 602 tentiam,
617 562 735 604 qnam
764 548 801 591 si
823 548 1010 592 assiduos
1038 555 1121 592 tum
1150 563 1304 604 quoque
1328 550 1456 592 fuisse
1477 550 1665 597 *homines
1691 549 1736 592 in
1760 550 1848 592 his

401 617 516 658 libris
533 616 731 660 Varronis
759 615 974 668 docuerint,
1002 629 1212 670 eorumque
1239 616 1452 669 raritatem,
1481 616 1701 672 quo-Lydi
1726 622 1828 659 tem-

402 685 567 739 poribus
596 675 775 736 obtinuit,
803 683 968 731 incuria}
977 684 1129 726 saeculi
1147 684 1316 739 septimi,
1344 682 1550 740 octavi⁸⁰)
1567 689 1607 726 et
1622 684 1720 735 noni
1745 698 1828 728 non

404 762 562 797 auctam
598 767 688 796 esse
725 754 795 795 sed
832 753 1086 798 deminutam.
1141 754 1278 808 ltaque
1304 754 1386 796 iam
1412 752 1575 796 saeulo
1605 759 1743 807 sexto,
1784 760 1830 797 nt

403 836 493 864 mea
521 827 625 867 certe
655 820 853 863 sententia
878 827 952 875 est,
978 820 1244 875 Antiquitates
1262 819 1477 872 Varronis,
1499 819 1713 873 perierant.

536 888 691 940 Quodsi
724 889 882 941 quaeris
911 890 979 942 qui
1007 890 1155 931 factum
1182 889 1235 930 sit
1270 894 1313 929 ut
1337 888 1430 930 libri
1456 887 1672 940 Varronis,
1713 901 1827 941 quem

398 954 529 998 virum
567 954 743 997 omnium
780 959 994 1008 temporum
1021 955 1164 998 eruditi
1191 968 1392 1009 nunquan
1417 964 1500 996 non
1527 954 1827 1008 admirarentur,

399 1030 481 1065 tam
514 1023 590 1064 cito
619 1022 857 1074 interierint,
887 1022 973 1063 eius
998 1022 1057 1063 rei
1084 1022 1208 1064 aliam
1232 1034 1394 1063 eausam
1419 1020 1596 1073 proferre
1621 1034 1704 1061 non
1728 1034 1828 1074 pos-

402 1102 490 1131 sum
519 1101 638 1142 quam
666 1088 852 1142 fragilem
879 1089 1142 1131 humanarum
1168 1102 1299 1131 rerum
1327 1087 1611 1141 conditionem,
1649 1102 1729 1143 qua
1755 1102 1827 1132 ea-

401 1157 467 1198 sui
494 1156 691 1198 subiectae
719 1162 812 1198 sunt
830 1169 983 1200 omnes.
1038 1157 1167 1209 Quem
1195 1170 1295 1210 opus
1321 1156 1422 1197 illud
1438 1156 1702 1209 perniciosum
1729 1170 1846 1199 con-1

399 1223 593 1265 ficientem
608 1222 677 1278 ³¹)
701 1224 776 1264 etsi
804 1237 885 1264 non
913 1224 1137 1265 dubitamus
1169 1224 1265 1277 quin
1293 1223 1487 1265 adiuverit
1515 1224 1670 1266 incuria
1695 1226 1827 1267 honi-

397 1303 514 1340 num,
557 1289 730 1330 fortasse
768 1290 886 1332 etiam
922 1302 1050 1344 prava
1093 1290 1302 1343 voluntas,
1316 1289 1387 1345 32)
1432 1290 1650 1333 Fortunam
1693 1297 1826 1334 tamen

396 1356 634 1409 gravissime
652 1356 695 1396 iu
712 1356 892 1398 Varrone
919 1358 1000 1398 vim
1017 1357 1195 1410 iniquam
1223 1357 1452 1399 exercuisse
1467 1357 1660 1410 imprimis
1676 1372 1822 1411 magno

398 1426 628 1464 documento
659 1430 740 1476 est,
777 1426 881 1477 quod
908 1424 953 1465 in
978 1425 1175 1466 neminem
1205 1424 1442 1478 scriptorum
1468 1421 1702 1466 Latinorum
1730 1426 1824 1479 plu-

396 1505 463 1533 res
490 1491 723 1534 recentioris
758 1492 971 1535 memoriae
1003 1493 1082 1535 viri
1110 1493 1214 1534 docti
1242 1497 1401 1545 operam
1429 1497 1546 1546 atque
1581 1493 1824 1535 voluntatem

399 1558 653 1599 coniecerunt
679 1558 894 1610 meliorem,
921 1559 966 1599 in
992 1559 1189 1599 neminem
1204 1558 1324 1599 huius
1353 1558 1472 1598 studii
1498 1557 1649 1599 fructus
1675 1559 1824 1599 redun-

401 1618 546 1666 darunt
574 1624 779 1668 exiliores,
837 1625 942 1677 Nam
970 1625 1090 1667 laetis
1111 1625 1197 1667 illis
1226 1624 1481 1677 temporibus,
1510 1624 1650 1677 quibus
1676 1625 1824 1666 arden-

397 1691 554 1738 tissimo
596 1692 750 1732 fervore
778 1693 1013 1733 immortalis
1041 1692 1255 1733 memoriae
1283 1691 1360 1732 viri
1388 1691 1522 1731 studia
1554 1691 1822 1741 humanitatis,

395 1758 438 1799 id
470 1763 531 1798 est
559 1757 825 1810 antiquitatis,
854 1764 1111 1811 repararunt,
1140 1762 1182 1799 in
1209 1757 1427 1802 Varronem
1455 1755 1587 1798 statim
1612 1755 1823 1797 multorum

395 1825 519 1866 animi
547 1826 886 1876 convertebantur,
914 1825 1126 1878 magnique
1144 1839 1232 1865 enm
1259 1825 1435 1865 fecerunt
1458 1823 1686 1874 Petrarcha,
1713 1822 1824 1874 Pog-

394 1891 507 1943 gius,
537 1890 621 1932 alii.
678 1890 831 1931 Deinde
859 1904 985 1943 usqne
1013 1892 1066 1932 ad
1093 1903 1143 1932 ea
1169 1896 1346 1943 tempora
1374 1902 1474 1942 quae
1501 1888 1651 1931 nostris
1680 1889 1824 1941 proxi-

392 1968 456 1997 me
480 1962 789 2007 antecesserunt‚
817 1970 1017 2009 nunquam
1044 1956 1249 1998 defuerunt
1274 1956 1366 2008 viri,
1393 1955 1460 2008 qui
1489 1962 1526 1997 et
1553 1955 1635 2008 ipsi
1658 1955 1824 1997 multum

396 2034 541 2073 operae
579 2022 819 2062 collocarent
854 2022 897 2062 in
930 2023 1110 2076 reliquiis
1145 2023 1339 2064 librorum
1364 2021 1556 2067 Varronis
1586 2020 1823 2073 colligendis

440 2135 502 2179 50)
530 2134 618 2170 Vid.
631 2134 893 2181 Bernhardyl.
909 2145 941 2170 c.
962 2146 1001 2182 p.
1013 2134 1091 2171 145.
1110 2145 1167 2184 sq.
1179 2133 1226 2170 cf.
1244 2134 1387 2170 Auctor
1405 2132 1453 2170 de
1472 2131 1692 2181 Computo
1678 2145 1721 2169 ιιι
1733 2133 1822 2169 Mu-

532 2189 647 2225 ratori
667 2190 869 2226 Anecdott.
885 2191 966 2237 Lat.
993 2191 1040 2227 T.
1054 2192 1117 2227 111.
1139 2202 1176 2237 p.
1192 2191 1268 2227 183.

438 2244 499 2288 51)
512 2246 608 2279 Nam
626 2250 664 2280 ut
682 2256 732 2280 ne
756 2245 885 2280 titulos
906 2245 1060 2293 quidem
1076 2244 1260 2281 librorum
1273 2256 1295 2279 a
1311 2245 1485 2279 Varrone
1499 2242 1722 2289 scriptorum
1745 2242 1820 2278 ho-

532 2301 595 2337 die
612 2312 833 2337 enumerare
846 2301 968 2346 liceat,
992 2302 1132 2337 factum
1157 2308 1213 2338 est
1237 2312 1323 2337 casu
1350 2299 1609 2337 infelicissimo
1626 2311 1673 2335 eo
1686 2325 1697 2344 ,
1717 2299 1819 2348 quod

529 2356 689 2404 epistola
715 2357 940 2404 Hieronymi
975 2357 1022 2393 ad
1046 2359 1201 2393 Paulum
1218 2358 1361 2394 XXIX.
1384 2357 1449 2400 (T.
1466 2357 1528 2392 IV.
1544 2357 1586 2392 Ρ.
1606 2355 1670 2399 11.)
1693 2354 1820 2391 maxi-
1862 2364 1864 2366 ’

529 2424 628 2448 mam
646 2418 789 2459 partem
805 2412 975 2461 mutilata
998 2418 1067 2448 est.
1091 2414 1284 2459 Leguntur
1306 2410 1409 2447 enim
1431 2408 1620 2445 ibihaec:
1643 2410 1721 2453 „M.
1739 2409 1820 2444 Te-

527 2467 690 2503 rentium
702 2469 912 2503 Varronem
931 2467 1134 2503 admiratur
1144 2467 1358 2515 antiquitas,
1375 2465 1476 2515 quod
1495 2465 1591 2513 apud
1613 2464 1819 2500 Latinos-

528 2522 748 2558 innumeros
772 2523 892 2559 libros
920 2523 1086 2570 scripsit,
1112 2542 1157 2550 —-
1178 2541 1224 2549 -—
1245 2521 1393 2569 scripsit
1414 2521 1541 2570 itaque
1558 2521 1676 2557 Varro
1700 2519 1817 2556 haee:

662 2581 765 2615 XLI.
780 2578 899 2614 libros
915 2579 1203 2627 Antiquitatum.

666 2635 732 2671 IV.
747 2633 867 2671 libros
884 2634 932 2670 de
945 2633 1033 2671 Vita
1051 2633 1187 2682 Populi
1200 2633 1362 2670 Romani
1370 2633 1407 2668 “.
1420 2656 1431 2668 .
1443 2656 1455 2669 .

525 2689 670 2739 reliqua
688 2690 959 2728 desiderantur.

435 2746 497 2791 32)
510 2746 551 2783 C.
569 2745 741 2781 Barthius
756 2746 917 2782 Advers.
928 2748 1146 2791 xxxvm,
1170 2749 1233 2782 11:
1261 2746 1335 2782 Sed
1352 2744 1656 2793 superstitionum
1669 2743 1815 2792 prisca-

525 2814 611 2837 rum
624 2802 867 2838 recensiones
879 2802 1119 2838 offenderunt
1136 2803 1365 2838 monachum
1374 2827 1385 2846 ,
1411 2813 1508 2849 quae
1518 2800 1630 2836 etiam
1645 2800 1728 2837 sine
1740 2801 1813 2836 du'-

527 2857 592 2894 bio
606 2869 716 2895 causa
731 2865 807 2904 est,
833 2869 898 2894 cur
909 2859 1091 2896 Varronis
1106 2859 1245 2907 scripta
1257 2870 1406 2907 prorsus
1419 2858 1625 2896 interirent.
1635 2859 1658 2878 ‘⁶
