2005 3333
379 396 576 441 veteribus
613 399 766 442 uostris
801 422 858 434 -
894 400 1019 446 mults
1054 400 1247 450 αι’,ιὶιιι
1269 412 1324 443 ox
1353 398 1511 447 nan·
1519 393 1789 459 flitmum·

377 489 437 499 —
470 477 573 519 quae
609 481 686 521 quo
714 467 886 509 facilius
921 468 1053 512 minu
1089 468 1195 524 docti
1227 455 1514 529 intelligemut,
1549 464 1789 511 iucunditate
1846 483 1851 487 ·

380 532 551 586 quadam
577 535 628 575 ad
653 534 860 587 legendum
886 531 1042 576 in‘vit'ati
1052 531 1183 568 ·—·*
1169 549 1213 577 ιιι
1246 527 1554 589 laudatiom‘bus,
1580 536 1625 579 iu
1641 524 1736 579 his
1723 544 1789 589 ¹1⁹-

380 598 441 641 sis
468 598 759 654 Antiquitatum
785 600 996 653 prooemiis
1025 630 1085 644 ...
1096 601 1416 655 ‚philosophiae
1453 599 1645 646 scribere
1648 600 1790 658 ‘volui-

379 680 491 719 mus,
520 667 559 708 si
583 668 697 708 morlo
725 667 937 709 consecuti
952 680 1092 710 sumus
1090 670 1216 724 .“⁸⁴)
1280 669 1334 710 At
1368 677 1587 721 quemnam¹
1605 666 1791 724 philoso-

379 733 501 787 phiae
535 732 693 775 locum?
717 731 832 786 -quiael
871 738 933 775 est
964 733 1068 778 illud
1103 737 1181 789 «luo
1218 740 1341 778 totum
1364 734 1520 782 ‘libum
1556 735 1792 782 exornavit?

378 803 490 844 Haec
517 802 718 854 quaerenti
741 816 882 845 vereor
906 816 957 845 ne
983 815 1158 858 unquam·
1186 804 1373 847 satisfieri
1399 805 1551 858 possit,
1588 808 1659 848 sed
1676 818 1791 865 ‘quae
1827 821 1834 827 ·

379 882 406 911 a
441 868 720 922 probabilitate
755 869 864 912 haud
909 870 1029 924 longe
1063 864 1245 913 recedere
1279 871 1487 914 videantur
1521 885 1604 915 non
1639 872 1792 920 vetabo.

380 936 550 977 Constat
583 935 687 976 enim
719 935 1004 980 ex·Plinio··et
1027 937 1240 981 Prisciauo
1264 938 1483 981 Varronem
1515 938 1663 982 indice
1677 930 1791 980 'libro

379 1004 604 1057 disputasse
631 1005 686 1050 de
707 1004 933 1046 admirabili
958 1005 1001 1047 vi
1037 1018 1086 1047 ac
1122 1011 1268 1048 natura
1291 1005 1518 1060 Psyllorum
1551 1010 1592 1047 et
1628 1015 1793 1058 serpen-

379 1070 620 1123 tigeuarum,
667 1070 822 1112 exitiali
857 1071 932 1112 illa
978 1072 1238 1125 serpentibus.
1323 1072 1450 1124 Quid,
1489 1071 1526 1113 si
1564 1072 1794 1114 contendam

378 1139 480 1182 liaeo
514 1139 619 1181 lecta
652 1138 780 1181 fuisse
814 1139 858 1181 in
892 1139 1217 1183 libris-cuiusdam
1242 1146 1356 1196 parte
1390 1153 1460 1194 ea,
1478 1159 1481 1162 ·
1496 1132 1614 1194 (inam
1636 1139 1793 1183 Plinius

380 1215 419 1250 et
447 1207 610 1248 Solinus
637 1213 803 1248 vocant:
830 1208 1153 1261 „prodigiosam
1179 1210 1340 1249 virium
1364 1209 1661 1250 relationemf‘
1677 1207 1793 1250 Ptin.

378 1273 432 1317 N.
449 1273 502 1315 Η.
519 1272 602 1325 VII,
622 1273 691 1316 19.
720 1272 926 1327 „Corpore
950 1287 1070 1317 vesco
1101 1276 1171 1317 sed
1195 1274 1354 1317 eximiis
1382 1275 1533 1318 viribus
1556 1275 1795 1318 Tritannum

378 1343 422 1383 in
457 1342 693 1393 gladiatorio
726 1342 818 1382 ludo
847 1366 903 1375 —
932 1343 1146 1400 celebrem,
1186 1342 1384 1396 liliumque
1419 1344 1506 1384 eius
1535 1349 1573 1384 et
1597 1348 1794 1398 rectosjet

377 1415 629 1450 transversos
659 1412 744 1452 toto·
769 1421 932 1462 corpore
960 1408 1208 1450 cancellatim
1234 1408 1423 1451 habuisse
1440 1422 1597 1462 nervos,
1612 1431 1668 1442 —
1688 1408 1795 1453 Var-

378 1491 423 1518 ro
461 1481 598 1517 auctor
632 1482 693 1516 est
727 1475 770 1516 in
806 1475 1038 1528 prodigiosa
1064 1475 1206 1518 virium
1238 1475 1472 1518 relatione.“
1529 1475 1658 1518 Soliu.
1686 1489 1728 1517 c.·
1748 1473 1793 1519 4.

378 1543 533 1597 „Varro
560 1541 603 1583 in
629 1542 821 1584 relatione
848 1542 1079 1596 prodigiosa
1103 1541 1347 1584 fortitudinis
1373 1542 1609 1594 annotavit,
1624 1541 1794 1585 Tritan-

379 1624 475 1653 num
501 1634 557 1643 —
584 1612 690 1652 —“.
707 1613 720 1636 ¹
733 1608 777 1666 ⁵)
841 1610 887 1651 ln
925 1622 1004 1663 qua
1038 1609 1181 1652 virium
1220 1609 1414 1651 relatione
1449 1608 1680 1663 prodigiosa
1712 1618 1795 1659 non

379 1677 540 1720 dubium
577 1682 639 1717 est
676 1676 771 1730 quin
807 1689 857 1718 ea
892 1689 1045 1730 quoquc
1081 1676 1247 1729 fuerint,
1293 1688 1393 1729 quae
1427 1675 1585 1719 Plinius
1620 1675 1794 1719 nonita

378 1746 498 1798 longe
526 1744 681 1786 abhoc
703 1744 793 1786 leco
823 1734 937 1797 quem
964 1745 1079 1786 modo
1108 1743 1368 1796 ascripsimus
1397 1742 1549 1795 posuit:
1583 1742 1671 1795 „M-
1689 1741 1794 1785 Var-

378 1826 425 1853 ro
452 1811 717 1863 Rusticelius,
745 1810 897 1864 inquit,
925 1810 1120 1853 >Hercules
1147 1809 1371 1864 appellatus
1398 1810 1545 1852 mulum
1571 1823 1686 1853 suum
1714 1808 1794 1853 tol-

382 1970 384 1975 *
425 1956 487 2001 14)
500 1958 557 1992 De
568 1956 742 1992 hocloco
760 1955 977 1994 difficillimo
994 1955 1094 2007 qnod
1110 1955 1204 1993 mihi
1219 1968 1271 1994 ne
1284 1968 1386 1994 nunc
1402 1955 1567 2007 quidem,
1583 1956 1793 2007 iterumque

515 2012 706 2048 renovatis
723 2012 831 2057 curis,
848 2012 1028 2049 iudicium
1044 2019 1214 2060 paratum
1231 2019 1455 2057 estcertum,
1474 2014 1794 2051 vehementer'me

516 2068 619 2117 angit
634 2075 671 2104 et
687 2069 874 2106 sollicitat.
921 2072 1051 2119 ltaque
1064 2069 1199 2106 melius
1212 2080 1293 2106 esse
1308 2069 1411 2115 duxi,
1427 2075 1635 2119 praeeunte
1650 2069 1793 2105 cunu-

512 2124 618 2161 bono
633 2124 673 2161 in
686 2123 785 2161 libro
803 2125 849 2161 de
866 2124 1032 2173 satyrica
1046 2125 1155 2163 Poesi
1164 2128 1214 2162 11.
1237 2137 1269 2163 o.
1281 2128 1317 2162 2·
1339 2125 1425 2163 vitii
1440 2125 1547 2174 signa
1562 2124 1792 2173 apposuisse,

520 2192 633 2230 quam
656 2180 818 2217 futilium
846 2180 1141 2218 coniecturarum
1166 2193 1383 2227 nume-rum,
1408 2193 1499 2232 quas
1524 2180 1598 2219 viri
1621 2180 1724 2218 docti
1746 2180 1795 2217 ad

515 2238 608 2274 haec
635 2236 753 2274 verba
786 2237 1022 2274 emendanda
1054 2238 1332 2284 excogitarunt,
1373 2237 1543 2274 auxisse:
1575 2235 1795 2285 praesertim

516 2306 601 2330 cum
631 2304 727 2341 quae
750 2294 864 2329 lateat
888 2292 1073 2329 sententia
1093 2304 1143 2329 ex
1166 2293 1216 2331 iis
1245 2305 1342 2342 quae
1366 2292 1499 2330 Cicero
1533 2292 1580 2328 ud
1603 2292 1696 2328 haec
1717 2302 1795 2327 ¹re-

515 2350 679 2397 spondet
693 2349 794 2386 facili
810 2349 1026 2386 coniectura
1041 2349 1260 2399 assequaris.
1293 2351 1358 2386 Est
1372 2355 1497 2385 autem
1514 2346 1577 2385 hio
1591 2350 1696 2385 loeus
1711 2346 1791 2384 dis-

513 2405 696 2443 turbatior
720 2418 832 2456 quam
856 2404 921 2455 qui
937 2405 1137 2443 Goerenzii
1160 2416 1361 2455 „quaeque
1381 2404 1485 2454 quo“
1507 2402 1631 2455 sanari
1662 2402 1793 2452 possit.

518 2465 690 2499 Fortasse
710 2462 846 2498 idonea
863 2462 1155 2509 transpositione
1170 2462 1269 2498 facta
1284 2460 1424 2511 aliquid
1441 2458 1622 2498 effeceris.
1644 2459 1796 2507 Deinde

516 2517 835 2566 „philosophiae“
858 2517 939 2554 sive
956 2516 1126 2554 dativum
1138 2528 1220 2553 esse
1233 2522 1351 2565 putas,
1369 2515 1451 2553 sive
1461 2514 1679 2564 genitivum,
1692 2513 1794 2566 quod

517 2574 665 2610 Klotzio
681 2572 822 2621 placuit
836 2571 877 2609 in
892 2572 1005 2609 Jahni
1016 2574 1168 2612 Annall.
1181 2574 1267 2611 Vol.
1279 2574 1382 2611 vm.
1398 2574 1502 2611 Fasc.
1513 2574 1549 2609 1.
1563 2569 1795 2625 tortuosissi-

516 2642 600 2667 mos
626 2630 832 2677 explicatus
852 2628 976 2665 habet.
1025 2629 1095 2667 Cui
1120 2629 1201 2666 noli
1225 2624 1539 2677 „philosophice“
1561 2626 1793 2670 substituere,

517 2687 618 2738 quod
638 2686 781 2724 Orellio
799 2693 836 2723 et
851 2685 934 2723 aliis
951 2685 1173 2736 quibusdam
1189 2685 1373 2734 placuisse
1386 2684 1577 2723 miramur.

428 2768 489 2813 15)
517 2769 576 2803 De'
593 2765 777 2802 Tritanno
793 2764 871 2804 vid.
888 2770 1036 2812 praeter
1052 2773 1119 2801 eos
1136 2776 1230 2814 quos
1246 2753 1606 2829 liitrpp.at'tu1erunt
1622 2762 1795 2799 Clemens

517 2823 628 2860 Alex.
645 2815 827 2859 excitatus
839 2821 904 2857 ille
921 2817 998 2856 iam
1019 2831 1042 2857 a
1057 2818 1279 2857 Parrhasio·
1267 2831 1309 2856 ιιι
1328 2816 1471 2866 Synog.
1487 2819 1661 2866 Epp.1V,
1676 2818 1734 2855 60.
1755 2815 1797 2852 ἰιι

518 2879 547 2914 1.
565 2877 711 2915 Gruteri
727 2879 860 2926 Lamp.
883 2878 929 2913 Τ.
943 2877 972 2911 1.
1623 2903 1625 2905 ,
