<?xml version="1.0" encoding="UTF-8"?>
<!DOCTYPE html PUBLIC "-//W3C//DTD XHTML 1.0 Transitional//EN"
    "http://www.w3.org/TR/xhtml1/DTD/xhtml1-transitional.dtd">
<html xmlns="http://www.w3.org/1999/xhtml" xml:lang="en" lang="en">
 <head>
  <title>
</title>
<meta http-equiv="Content-Type" content="text/html;charset=utf-8" />
  <meta name='ocr-system' content='tesseract 3.04.00' />
  <meta name='ocr-capabilities' content='ocr_page ocr_carea ocr_par ocr_line ocrx_word'/>
</head>
<body>
  <div class='ocr_page' id='page_1' title='image "./4737996_0022.png"; bbox 0 0 1879 3325; ppageno 0'>
   <div class='ocr_carea' id='block_1_1' title="bbox 0 650 1879 2896">
    <p class='ocr_par' dir='ltr' id='par_1_1' title="bbox 0 650 1879 2896">
     <span class='ocr_line' id='line_1_1' title="bbox 1859 650 1879 1065; baseline 0 -75"><span class='ocrx_word' id='word_1_1' title='bbox 1859 650 1879 1065; x_wconf 95' lang='lat' dir='ltr'><strong>  </strong></span> 
     </span>
     <span class='ocr_line' id='line_1_2' title="bbox 1854 1065 1879 1440; baseline 0 0"><span class='ocrx_word' id='word_1_2' title='bbox 1854 1065 1879 1440; x_wconf 95' lang='lat' dir='ltr'><strong>   </strong></span> 
     </span>
     <span class='ocr_line' id='line_1_3' title="bbox 1848 1440 1879 1733; baseline 0 0"><span class='ocrx_word' id='word_1_3' title='bbox 1848 1440 1879 1733; x_wconf 95' lang='lat' dir='ltr'><strong>     </strong></span> 
     </span>
     <span class='ocr_line' id='line_1_4' title="bbox 1847 1733 1879 1951; baseline 0 -64"><span class='ocrx_word' id='word_1_4' title='bbox 1847 1733 1879 1951; x_wconf 95' lang='lat' dir='ltr'><strong>   </strong></span> 
     </span>
     <span class='ocr_line' id='line_1_5' title="bbox 1846 1951 1879 2087; baseline 0 0"><span class='ocrx_word' id='word_1_5' title='bbox 1846 1951 1879 2087; x_wconf 95' lang='lat' dir='ltr'><strong>  </strong></span> 
     </span>
     <span class='ocr_line' id='line_1_6' title="bbox 1841 2110 1879 2352; baseline 0 -64"><span class='ocrx_word' id='word_1_6' title='bbox 1841 2110 1879 2352; x_wconf 95' lang='lat' dir='ltr'><strong>   </strong></span> 
     </span>
     <span class='ocr_line' id='line_1_7' title="bbox 1839 2352 1879 2694; baseline 0 0"><span class='ocrx_word' id='word_1_7' title='bbox 1839 2352 1879 2694; x_wconf 95' lang='lat' dir='ltr'><strong>     </strong></span> 
     </span>
     <span class='ocr_line' id='line_1_8' title="bbox 0 2694 1879 2896; baseline 0 0"><span class='ocrx_word' id='word_1_8' title='bbox 0 2831 20 2896; x_wconf 95' lang='lat' dir='ltr'><strong> </strong></span> <span class='ocrx_word' id='word_1_9' title='bbox 1837 2694 1879 2831; x_wconf 95' lang='lat' dir='ltr'><strong>  </strong></span> 
     </span>
    </p>
   </div>
   <div class='ocr_carea' id='block_1_2' title="bbox 134 818 1537 1103">
    <p class='ocr_par' dir='ltr' id='par_1_2' title="bbox 134 818 1537 1103">
     <span class='ocr_line' id='line_1_9' title="bbox 308 818 1373 905; baseline 0.006 -24"><span class='ocrx_word' id='word_1_10' title='bbox 308 818 1373 905; x_wconf 38' lang='lat' dir='ltr'><strong>mci&gt;2mnunvmoms</strong></span> 
     </span>
     <span class='ocr_line' id='line_1_10' title="bbox 134 938 1537 1024; baseline 0.002 -32"><span class='ocrx_word' id='word_1_11' title='bbox 134 941 145 1018; x_wconf 21' lang='grc' dir='ltr'><strong>δ’</strong></span> <span class='ocrx_word' id='word_1_12' title='bbox 191 938 659 1023; x_wconf 53' lang='lat' dir='ltr'><strong>Antiquitatum*</strong></span> <span class='ocrx_word' id='word_1_13' title='bbox 708 947 937 1024; x_wconf 61' lang='lat' dir='ltr'><strong>rei-um&gt;</strong></span> <span class='ocrx_word' id='word_1_14' title='bbox 964 943 1369 1007; x_wconf 67' lang='lat' dir='ltr'><strong>humanarum</strong></span> <span class='ocrx_word' id='word_1_15' title='bbox 1400 949 1484 1009; x_wconf 58' lang='lat' dir='ltr'><strong>fiet</strong></span> <span class='ocrx_word' id='word_1_16' title='bbox 1532 967 1537 980; x_wconf 62' lang='lat'><em>2</em></span> 
     </span>
     <span class='ocr_line' id='line_1_11' title="bbox 455 1026 1211 1103; baseline 0.003 -22"><span class='ocrx_word' id='word_1_17' title='bbox 455 1030 827 1102; x_wconf 74' lang='lat' dir='ltr'><strong>divinarum-</strong></span> <span class='ocrx_word' id='word_1_18' title='bbox 850 1026 1019 1103; x_wconf 67' lang='lat' dir='ltr'><strong>lihjr&#39;i</strong></span> <span class='ocrx_word' id='word_1_19' title='bbox 1057 1029 1211 1085; x_wconf 77' lang='lat' dir='ltr'>XLI.</span> 
     </span>
    </p>
   </div>
   <div class='ocr_carea' id='block_1_3' title="bbox 0 1311 1536 2866">
    <p class='ocr_par' dir='ltr' id='par_1_3' title="bbox 126 1311 1536 1454">
     <span class='ocr_line' id='line_1_12' title="bbox 128 1311 1536 1387; baseline 0.003 -15"><span class='ocrx_word' id='word_1_20' title='bbox 128 1311 206 1373; x_wconf 75' lang='lat' dir='ltr'><strong>Ex</strong></span> <span class='ocrx_word' id='word_1_21' title='bbox 246 1332 300 1375; x_wconf 76' lang='lat' dir='ltr'><strong>iis</strong></span> <span class='ocrx_word' id='word_1_22' title='bbox 333 1340 433 1385; x_wconf 79' lang='lat' dir='ltr'><strong>quac</strong></span> <span class='ocrx_word' id='word_1_23' title='bbox 466 1332 510 1374; x_wconf 86' lang='lat' dir='ltr'><strong>in</strong></span> <span class='ocrx_word' id='word_1_24' title='bbox 543 1333 743 1387; x_wconf 77' lang='lat' dir='ltr'><strong>prooemio</strong></span> <span class='ocrx_word' id='word_1_25' title='bbox 782 1333 1014 1387; x_wconf 77' lang='lat' dir='ltr'>scripsimus</span> <span class='ocrx_word' id='word_1_26' title='bbox 1050 1328 1307 1386; x_wconf 77' lang='lat' dir='ltr'><strong>intelligitur,</strong></span> <span class='ocrx_word' id='word_1_27' title='bbox 1351 1333 1536 1376; x_wconf 88' lang='lat' dir='ltr'><strong>floruisse</strong></span> 
     </span>
     <span class='ocr_line' id='line_1_13' title="bbox 126 1400 1534 1454; baseline -0.001 -11"><span class='ocrx_word' id='word_1_28' title='bbox 126 1400 296 1443; x_wconf 83' lang='lat' dir='ltr'><strong>studium</strong></span> <span class='ocrx_word' id='word_1_29' title='bbox 331 1401 606 1452; x_wconf 85' lang='lat' dir='ltr'><strong>antiquitatum</strong></span> <span class='ocrx_word' id='word_1_30' title='bbox 643 1403 749 1453; x_wconf 75' lang='lat' dir='ltr'><strong>apud</strong></span> <span class='ocrx_word' id='word_1_31' title='bbox 775 1401 1005 1454; x_wconf 86' lang='lat' dir='ltr'><strong>Romanos,</strong></span> <span class='ocrx_word' id='word_1_32' title='bbox 1045 1400 1232 1442; x_wconf 84' lang='lat' dir='ltr'><strong>assiduos</strong></span> <span class='ocrx_word' id='word_1_33' title='bbox 1268 1400 1397 1442; x_wconf 77' lang='lat' dir='ltr'><strong>fuisse</strong></span> <span class='ocrx_word' id='word_1_34' title='bbox 1423 1401 1534 1445; x_wconf 82' lang='lat' dir='ltr'><strong>viros</strong></span> 
     </span>
    </p>

    <p class='ocr_par' dir='ltr' id='par_1_4' title="bbox 0 1328 1534 1924">
     <span class='ocr_line' id='line_1_14' title="bbox 14 1328 1534 1526; baseline 0.001 -18"><span class='ocrx_word' id='word_1_35' title='bbox 14 1328 31 1526; x_wconf 54' lang='lat' dir='ltr'><strong>i</strong></span> <span class='ocrx_word' id='word_1_36' title='bbox 125 1473 208 1508; x_wconf 85' lang='lat' dir='ltr'><strong>tum</strong></span> <span class='ocrx_word' id='word_1_37' title='bbox 244 1466 394 1508; x_wconf 84' lang='lat' dir='ltr'><strong>otiosos</strong></span> <span class='ocrx_word' id='word_1_38' title='bbox 431 1473 512 1507; x_wconf 89' lang='lat' dir='ltr'><strong>tum</strong></span> <span class='ocrx_word' id='word_1_39' title='bbox 545 1467 631 1507; x_wconf 83' lang='lat' dir='ltr'><strong>foro</strong></span> <span class='ocrx_word' id='word_1_40' title='bbox 670 1474 785 1519; x_wconf 87' lang='lat' dir='ltr'><strong>atquc</strong></span> <span class='ocrx_word' id='word_1_41' title='bbox 820 1468 1025 1519; x_wconf 81' lang='lat' dir='ltr'><strong>republica</strong></span> <span class='ocrx_word' id='word_1_42' title='bbox 1060 1474 1272 1519; x_wconf 80' lang='lat' dir='ltr'><strong>occupatos</strong></span> <span class='ocrx_word' id='word_1_43' title='bbox 1306 1468 1351 1509; x_wconf 90' lang='lat' dir='ltr'><strong>in</strong></span> <span class='ocrx_word' id='word_1_44' title='bbox 1385 1469 1469 1510; x_wconf 80' lang='lat' dir='ltr'><strong>vita</strong></span> <span class='ocrx_word' id='word_1_45' title='bbox 1494 1475 1534 1509; x_wconf 90' lang='lat' dir='ltr'><strong>et</strong></span> 
     </span>
     <span class='ocr_line' id='line_1_15' title="bbox 12 1527 1533 1587; baseline 0 -9"><span class='ocrx_word' id='word_1_46' title='bbox 12 1527 17 1578; x_wconf 68' lang='grc' dir='ltr'><strong>’ἶ</strong></span> <span class='ocrx_word' id='word_1_47' title='bbox 121 1535 298 1576; x_wconf 87' lang='lat' dir='ltr'><strong>moribus</strong></span> <span class='ocrx_word' id='word_1_48' title='bbox 325 1534 517 1575; x_wconf 82' lang='lat' dir='ltr'><strong>maiorum</strong></span> <span class='ocrx_word' id='word_1_49' title='bbox 545 1534 828 1587; x_wconf 79' lang='lat' dir='ltr'><strong>cognoscendis</strong></span> <span class='ocrx_word' id='word_1_50' title='bbox 858 1539 896 1576; x_wconf 86' lang='lat' dir='ltr'><strong>et</strong></span> <span class='ocrx_word' id='word_1_51' title='bbox 927 1534 1152 1586; x_wconf 81' lang='lat' dir='ltr'><strong>imitandis,</strong></span> <span class='ocrx_word' id='word_1_52' title='bbox 1173 1534 1368 1587; x_wconf 83' lang='lat' dir='ltr'><strong>&#39;insignes</strong></span> <span class='ocrx_word' id='word_1_53' title='bbox 1403 1536 1533 1578; x_wconf 82' lang='lat' dir='ltr'><strong>fuisse</strong></span> 
     </span>
     <span class='ocr_line' id='line_1_16' title="bbox 5 1579 1532 1715; baseline 0.002 -70"><span class='ocrx_word' id='word_1_54' title='bbox 5 1579 19 1715; x_wconf 49' lang='lat'><em>3</em></span> <span class='ocrx_word' id='word_1_55' title='bbox 120 1598 266 1645; x_wconf 88' lang='lat' dir='ltr'><strong>multos</strong></span> <span class='ocrx_word' id='word_1_56' title='bbox 302 1602 394 1644; x_wconf 87' lang='lat' dir='ltr'><strong>inde</strong></span> <span class='ocrx_word' id='word_1_57' title='bbox 432 1615 459 1644; x_wconf 87' lang='lat' dir='ltr'><strong>a</strong></span> <span class='ocrx_word' id='word_1_58' title='bbox 487 1602 624 1644; x_wconf 80' lang='lat' dir='ltr'><strong>Cincio</strong></span> <span class='ocrx_word' id='word_1_59' title='bbox 656 1617 783 1657; x_wconf 87' lang='lat' dir='ltr'><strong>usque</strong></span> <span class='ocrx_word' id='word_1_60' title='bbox 811 1605 862 1644; x_wconf 82' lang='lat' dir='ltr'><strong>ad</strong></span> <span class='ocrx_word' id='word_1_61' title='bbox 878 1602 1095 1645; x_wconf 85' lang='lat' dir='ltr'><strong>Varronem</strong></span> <span class='ocrx_word' id='word_1_62' title='bbox 1122 1602 1321 1644; x_wconf 85' lang='lat' dir='ltr'><strong>doctrinae</strong></span> <span class='ocrx_word' id='word_1_63' title='bbox 1340 1605 1467 1664; x_wconf 33' lang='lat' dir='ltr'><strong>‚copia</strong></span> <span class='ocrx_word' id='word_1_64' title='bbox 1493 1613 1532 1649; x_wconf 89' lang='lat' dir='ltr'><strong>et</strong></span> 
     </span>
     <span class='ocr_line' id='line_1_17' title="bbox 0 1668 1528 1732; baseline 0.003 -21"><span class='ocrx_word' id='word_1_65' title='bbox 0 1717 4 1732; x_wconf 78' lang='lat'><strong>.</strong></span> <span class='ocrx_word' id='word_1_66' title='bbox 118 1669 321 1712; x_wconf 80' lang='lat' dir='ltr'><strong>varietate.</strong></span> <span class='ocrx_word' id='word_1_67' title='bbox 387 1668 468 1710; x_wconf 87' lang='lat' dir='ltr'><strong>Sed</strong></span> <span class='ocrx_word' id='word_1_68' title='bbox 502 1669 700 1722; x_wconf 79' lang='lat' dir='ltr'><strong>habesue,</strong></span> <span class='ocrx_word' id='word_1_69' title='bbox 738 1682 906 1722; x_wconf 81' lang='lat' dir='ltr'><strong>quaeso,</strong></span> <span class='ocrx_word' id='word_1_70' title='bbox 949 1682 1062 1721; x_wconf 85' lang='lat' dir='ltr'><strong>quem</strong></span> <span class='ocrx_word' id='word_1_71' title='bbox 1099 1676 1197 1711; x_wconf 85' lang='lat' dir='ltr'><strong>cum</strong></span> <span class='ocrx_word' id='word_1_72' title='bbox 1211 1668 1389 1712; x_wconf 77' lang='lat' dir='ltr'><strong>Varrone</strong></span> <span class='ocrx_word' id='word_1_73' title='bbox 1420 1679 1528 1715; x_wconf 83' lang='lat' dir='ltr'><strong>recte</strong></span> 
     </span>
     <span class='ocr_line' id='line_1_18' title="bbox 0 1736 1528 1790; baseline -0.003 -11"><span class='ocrx_word' id='word_1_74' title='bbox 0 1738 1 1749; x_wconf 64' lang='lat'>¹</span> <span class='ocrx_word' id='word_1_75' title='bbox 119 1736 441 1790; x_wconf 81' lang='lat' dir='ltr'><strong>comparaveris?</strong></span> <span class='ocrx_word' id='word_1_76' title='bbox 491 1737 800 1790; x_wconf 85' lang='lat' dir='ltr'><strong>deprehendisnc</strong></span> <span class='ocrx_word' id='word_1_77' title='bbox 833 1737 876 1777; x_wconf 89' lang='lat' dir='ltr'><strong>in</strong></span> <span class='ocrx_word' id='word_1_78' title='bbox 914 1736 1122 1789; x_wconf 82' lang='lat' dir='ltr'><strong>splendida</strong></span> <span class='ocrx_word' id='word_1_79' title='bbox 1149 1736 1224 1777; x_wconf 78' lang='lat' dir='ltr'><strong>illa</strong></span> <span class='ocrx_word' id='word_1_80' title='bbox 1250 1738 1424 1783; x_wconf 82' lang='lat' dir='ltr'><strong>virorum</strong></span> <span class='ocrx_word' id='word_1_81' title='bbox 1453 1742 1528 1781; x_wconf 77' lang='lat' dir='ltr'><strong>do-</strong></span> 
     </span>
     <span class='ocr_line' id='line_1_19' title="bbox 0 1756 1527 1918; baseline 0.003 -73"><span class='ocrx_word' id='word_1_82' title='bbox 0 1756 5 1918; x_wconf 43' lang='grc' dir='ltr'>ὶ</span> <span class='ocrx_word' id='word_1_83' title='bbox 115 1803 380 1845; x_wconf 85' lang='lat' dir='ltr'><strong>ctissimorum</strong></span> <span class='ocrx_word' id='word_1_84' title='bbox 398 1808 436 1844; x_wconf 89' lang='lat' dir='ltr'><strong>et</strong></span> <span class='ocrx_word' id='word_1_85' title='bbox 458 1803 845 1856; x_wconf 75' lang='lat' dir='ltr'><strong>diligentissimorum</strong></span> <span class='ocrx_word' id='word_1_86' title='bbox 871 1802 972 1844; x_wconf 84' lang='lat' dir='ltr'><strong>serie</strong></span> <span class='ocrx_word' id='word_1_87' title='bbox 999 1816 1112 1856; x_wconf 76' lang='lat' dir='ltr'><strong>quem</strong></span> <span class='ocrx_word' id='word_1_88' title='bbox 1130 1802 1395 1858; x_wconf 80' lang='lat' dir='ltr'><strong>antiquitates,</strong></span> <span class='ocrx_word' id='word_1_89' title='bbox 1425 1819 1527 1859; x_wconf 83' lang='lat' dir='ltr'><strong>quas</strong></span> 
     </span>
     <span class='ocr_line' id='line_1_20' title="bbox 113 1870 1526 1924; baseline 0.002 -11"><span class='ocrx_word' id='word_1_90' title='bbox 113 1871 240 1913; x_wconf 87' lang='lat' dir='ltr'><strong>Varro</strong></span> <span class='ocrx_word' id='word_1_91' title='bbox 268 1870 424 1912; x_wconf 53' lang='lat' dir='ltr'><strong>vocavit</strong></span> <span class='ocrx_word' id='word_1_92' title='bbox 452 1883 627 1923; x_wconf 86' lang='lat' dir='ltr'><strong>quasque</strong></span> <span class='ocrx_word' id='word_1_93' title='bbox 655 1884 730 1911; x_wconf 86' lang='lat' dir='ltr'><strong>nos</strong></span> <span class='ocrx_word' id='word_1_94' title='bbox 758 1870 973 1913; x_wconf 84' lang='lat' dir='ltr'><strong>Varronem</strong></span> <span class='ocrx_word' id='word_1_95' title='bbox 1003 1871 1126 1912; x_wconf 85' lang='lat' dir='ltr'><strong>secuti</strong></span> <span class='ocrx_word' id='word_1_96' title='bbox 1162 1880 1373 1924; x_wconf 73' lang='lat' dir='ltr'><strong>vocamus,</strong></span> <span class='ocrx_word' id='word_1_97' title='bbox 1414 1873 1526 1916; x_wconf 81' lang='lat' dir='ltr'><strong>litte-</strong></span> 
     </span>
    </p>

    <p class='ocr_par' dir='ltr' id='par_1_5' title="bbox 112 1937 1523 1992">
     <span class='ocr_line' id='line_1_21' title="bbox 112 1937 1523 1992; baseline 0.002 -12"><span class='ocrx_word' id='word_1_98' title='bbox 112 1939 169 1980; x_wconf 85' lang='lat' dir='ltr'><strong>ris</strong></span> <span class='ocrx_word' id='word_1_99' title='bbox 198 1944 443 1992; x_wconf 84' lang='lat' dir='ltr'><strong>persecutum</strong></span> <span class='ocrx_word' id='word_1_100' title='bbox 470 1951 561 1979; x_wconf 89' lang='lat' dir='ltr'><strong>esse</strong></span> <span class='ocrx_word' id='word_1_101' title='bbox 587 1938 672 1979; x_wconf 90' lang='lat' dir='ltr'><strong>iure</strong></span> <span class='ocrx_word' id='word_1_102' title='bbox 701 1937 881 1981; x_wconf 66' lang='lat' dir='ltr'><strong>dixeris?</strong></span> <span class='ocrx_word' id='word_1_103' title='bbox 920 1938 1066 1980; x_wconf 77' lang='lat' dir='ltr'><strong>Omnes</strong></span> <span class='ocrx_word' id='word_1_104' title='bbox 1095 1937 1199 1980; x_wconf 89' lang='lat' dir='ltr'><strong>enim</strong></span> <span class='ocrx_word' id='word_1_105' title='bbox 1221 1938 1287 1991; x_wconf 90' lang='lat' dir='ltr'><strong>qui</strong></span> <span class='ocrx_word' id='word_1_106' title='bbox 1310 1945 1403 1981; x_wconf 82' lang='lat' dir='ltr'><strong>autc</strong></span> <span class='ocrx_word' id='word_1_107' title='bbox 1418 1939 1523 1983; x_wconf 81' lang='lat' dir='ltr'><strong>Var-</strong></span> 
     </span>
    </p>

    <p class='ocr_par' dir='ltr' id='par_1_6' title="bbox 111 2002 1518 2059">
     <span class='ocr_line' id='line_1_22' title="bbox 111 2002 1518 2059; baseline 0.003 -11"><span class='ocrx_word' id='word_1_108' title='bbox 111 2021 248 2048; x_wconf 84' lang='lat' dir='ltr'><strong>ronem</strong></span> <span class='ocrx_word' id='word_1_109' title='bbox 270 2002 475 2056; x_wconf 80' lang='lat' dir='ltr'><strong>vixerunt,</strong></span> <span class='ocrx_word' id='word_1_110' title='bbox 504 2012 542 2047; x_wconf 89' lang='lat' dir='ltr'><strong>et</strong></span> <span class='ocrx_word' id='word_1_111' title='bbox 570 2006 711 2059; x_wconf 87' lang='lat' dir='ltr'><strong>quibus</strong></span> <span class='ocrx_word' id='word_1_112' title='bbox 732 2006 774 2047; x_wconf 90' lang='lat' dir='ltr'><strong>id</strong></span> <span class='ocrx_word' id='word_1_113' title='bbox 803 2006 973 2048; x_wconf 81' lang='lat' dir='ltr'><strong>studium</strong></span> <span class='ocrx_word' id='word_1_114' title='bbox 1001 2012 1106 2058; x_wconf 85' lang='lat' dir='ltr'><strong>erat,</strong></span> <span class='ocrx_word' id='word_1_115' title='bbox 1136 2006 1308 2058; x_wconf 79' lang='lat' dir='ltr'><strong>singulis</strong></span> <span class='ocrx_word' id='word_1_116' title='bbox 1333 2008 1377 2048; x_wconf 92' lang='lat' dir='ltr'><strong>in</strong></span> <span class='ocrx_word' id='word_1_117' title='bbox 1400 2011 1518 2052; x_wconf 83' lang='lat' dir='ltr'><strong>rebus</strong></span> 
     </span>
    </p>

    <p class='ocr_par' dir='ltr' id='par_1_7' title="bbox 111 2071 1520 2126">
     <span class='ocr_line' id='line_1_23' title="bbox 111 2071 1520 2126; baseline 0.003 -12"><span class='ocrx_word' id='word_1_118' title='bbox 111 2072 323 2126; x_wconf 84' lang='lat' dir='ltr'><strong>separatim</strong></span> <span class='ocrx_word' id='word_1_119' title='bbox 357 2071 629 2122; x_wconf 82' lang='lat' dir='ltr'><strong>elaboraruut3</strong></span> <span class='ocrx_word' id='word_1_120' title='bbox 664 2072 874 2114; x_wconf 79' lang='lat' dir='ltr'><strong>universas</strong></span> <span class='ocrx_word' id='word_1_121' title='bbox 909 2079 1016 2114; x_wconf 80' lang='lat' dir='ltr'><strong>artes</strong></span> <span class='ocrx_word' id='word_1_122' title='bbox 1044 2072 1219 2113; x_wconf 76' lang='lat' dir='ltr'><strong>vinculis</strong></span> <span class='ocrx_word' id='word_1_123' title='bbox 1244 2072 1420 2116; x_wconf 84' lang='lat' dir='ltr'><strong>ciusdem</strong></span> <span class='ocrx_word' id='word_1_124' title='bbox 1446 2078 1520 2118; x_wconf 92' lang='lat' dir='ltr'><strong>do-</strong></span> 
     </span>
    </p>

    <p class='ocr_par' dir='ltr' id='par_1_8' title="bbox 108 2137 1518 2191">
     <span class='ocr_line' id='line_1_24' title="bbox 108 2137 1518 2191; baseline 0.001 -10"><span class='ocrx_word' id='word_1_125' title='bbox 108 2140 259 2181; x_wconf 82' lang='lat' dir='ltr'><strong>ctrinae</strong></span> <span class='ocrx_word' id='word_1_126' title='bbox 277 2139 606 2191; x_wconf 80' lang='lat' dir='ltr'><strong>comprehendero</strong></span> <span class='ocrx_word' id='word_1_127' title='bbox 633 2138 806 2179; x_wconf 86' lang='lat' dir='ltr'><strong>alienum</strong></span> <span class='ocrx_word' id='word_1_128' title='bbox 822 2137 896 2178; x_wconf 86' lang='lat' dir='ltr'><strong>fuit</strong></span> <span class='ocrx_word' id='word_1_129' title='bbox 915 2140 965 2179; x_wconf 85' lang='lat' dir='ltr'><strong>ab</strong></span> <span class='ocrx_word' id='word_1_130' title='bbox 990 2138 1074 2179; x_wconf 89' lang='lat' dir='ltr'><strong>illis</strong></span> <span class='ocrx_word' id='word_1_131' title='bbox 1103 2137 1378 2190; x_wconf 82' lang='lat' dir='ltr'><strong>scriptoribus.</strong></span> <span class='ocrx_word' id='word_1_132' title='bbox 1433 2142 1518 2183; x_wconf 84' lang='lat' dir='ltr'><strong>Ita-</strong></span> 
     </span>
    </p>

    <p class='ocr_par' dir='ltr' id='par_1_9' title="bbox 107 2203 1518 2260">
     <span class='ocr_line' id='line_1_25' title="bbox 107 2203 1518 2260; baseline -0.004 -12"><span class='ocrx_word' id='word_1_133' title='bbox 107 2220 182 2260; x_wconf 88' lang='lat' dir='ltr'><strong>que</strong></span> <span class='ocrx_word' id='word_1_134' title='bbox 215 2206 281 2260; x_wconf 81' lang='lat' dir='ltr'><strong>hi,</strong></span> <span class='ocrx_word' id='word_1_135' title='bbox 324 2205 519 2260; x_wconf 83' lang='lat' dir='ltr'><strong>singulari</strong></span> <span class='ocrx_word' id='word_1_136' title='bbox 558 2216 678 2259; x_wconf 84' lang='lat' dir='ltr'><strong>opera</strong></span> <span class='ocrx_word' id='word_1_137' title='bbox 712 2204 848 2258; x_wconf 87' lang='lat' dir='ltr'><strong>posita</strong></span> <span class='ocrx_word' id='word_1_138' title='bbox 885 2204 968 2245; x_wconf 81' lang='lat' dir='ltr'><strong>sive</strong></span> <span class='ocrx_word' id='word_1_139' title='bbox 1002 2204 1046 2245; x_wconf 85' lang='lat' dir='ltr'><strong>in</strong></span> <span class='ocrx_word' id='word_1_140' title='bbox 1072 2203 1159 2245; x_wconf 88' lang='lat' dir='ltr'><strong>iure</strong></span> <span class='ocrx_word' id='word_1_141' title='bbox 1188 2216 1302 2245; x_wconf 82' lang='lat' dir='ltr'><strong>sacro</strong></span> <span class='ocrx_word' id='word_1_142' title='bbox 1331 2217 1518 2256; x_wconf 80' lang='lat' dir='ltr'><strong>perscru-</strong></span> 
     </span>
    </p>

    <p class='ocr_par' dir='ltr' id='par_1_10' title="bbox 71 2270 1515 2395">
     <span class='ocr_line' id='line_1_26' title="bbox 71 2270 1515 2325; baseline -0.005 -8"><span class='ocrx_word' id='word_1_143' title='bbox 71 2287 75 2292; x_wconf 91' lang='lat'>·</span> <span class='ocrx_word' id='word_1_144' title='bbox 106 2277 226 2317; x_wconf 83' lang='lat' dir='ltr'><strong>tando</strong></span> <span class='ocrx_word' id='word_1_145' title='bbox 257 2275 402 2317; x_wconf 83' lang='lat' dir='ltr'><strong>sivein</strong></span> <span class='ocrx_word' id='word_1_146' title='bbox 427 2288 472 2315; x_wconf 86' lang='lat' dir='ltr'><strong>re</strong></span> <span class='ocrx_word' id='word_1_147' title='bbox 501 2273 663 2315; x_wconf 83' lang='lat' dir='ltr'><strong>militari</strong></span> <span class='ocrx_word' id='word_1_148' title='bbox 681 2273 919 2325; x_wconf 84' lang='lat' dir='ltr'><strong>explicanda</strong></span> <span class='ocrx_word' id='word_1_149' title='bbox 953 2273 1038 2314; x_wconf 83' lang='lat' dir='ltr'><strong>sive</strong></span> <span class='ocrx_word' id='word_1_150' title='bbox 1064 2271 1108 2312; x_wconf 87' lang='lat' dir='ltr'><strong>in</strong></span> <span class='ocrx_word' id='word_1_151' title='bbox 1135 2270 1306 2313; x_wconf 82' lang='lat' dir='ltr'><strong>historia</strong></span> <span class='ocrx_word' id='word_1_152' title='bbox 1330 2278 1369 2313; x_wconf 85' lang='lat' dir='ltr'><strong>et</strong></span> <span class='ocrx_word' id='word_1_153' title='bbox 1395 2275 1515 2317; x_wconf 76' lang='lat' dir='ltr'><strong>cliro..</strong></span> 
     </span>
     <span class='ocr_line' id='line_1_27' title="bbox 102 2337 1515 2395; baseline -0.004 -11"><span class='ocrx_word' id='word_1_154' title='bbox 102 2342 268 2395; x_wconf 84' lang='lat' dir='ltr'><strong>nologia</strong></span> <span class='ocrx_word' id='word_1_155' title='bbox 295 2344 537 2394; x_wconf 86' lang='lat' dir='ltr'><strong>enarranda,</strong></span> <span class='ocrx_word' id='word_1_156' title='bbox 574 2341 645 2383; x_wconf 86' lang='lat' dir='ltr'><strong>fila</strong></span> <span class='ocrx_word' id='word_1_157' title='bbox 672 2347 823 2382; x_wconf 84' lang='lat' dir='ltr'><strong>tantum</strong></span> <span class='ocrx_word' id='word_1_158' title='bbox 852 2340 1015 2382; x_wconf 86' lang='lat' dir='ltr'><strong>duxisse</strong></span> <span class='ocrx_word' id='word_1_159' title='bbox 1045 2339 1233 2381; x_wconf 88' lang='lat' dir='ltr'><strong>censendi</strong></span> <span class='ocrx_word' id='word_1_160' title='bbox 1270 2343 1386 2389; x_wconf 87' lang='lat' dir='ltr'><strong>sunt,</strong></span> <span class='ocrx_word' id='word_1_161' title='bbox 1423 2337 1515 2389; x_wconf 89' lang='lat' dir='ltr'><strong>qui-</strong></span> 
     </span>
    </p>

    <p class='ocr_par' dir='ltr' id='par_1_11' title="bbox 101 2405 1515 2461">
     <span class='ocr_line' id='line_1_28' title="bbox 101 2405 1515 2461; baseline -0.003 -12"><span class='ocrx_word' id='word_1_162' title='bbox 101 2411 177 2449; x_wconf 80' lang='lat' dir='ltr'><strong>bus</strong></span> <span class='ocrx_word' id='word_1_163' title='bbox 204 2409 329 2451; x_wconf 84' lang='lat' dir='ltr'><strong>Varro</strong></span> <span class='ocrx_word' id='word_1_164' title='bbox 367 2423 466 2450; x_wconf 88' lang='lat' dir='ltr'><strong>usus</strong></span> <span class='ocrx_word' id='word_1_165' title='bbox 506 2410 558 2450; x_wconf 81' lang='lat' dir='ltr'><strong>sit</strong></span> <span class='ocrx_word' id='word_1_166' title='bbox 595 2409 636 2449; x_wconf 91' lang='lat' dir='ltr'><strong>iu</strong></span> <span class='ocrx_word' id='word_1_167' title='bbox 675 2422 791 2461; x_wconf 88' lang='lat' dir='ltr'><strong>opere</strong></span> <span class='ocrx_word' id='word_1_168' title='bbox 829 2422 900 2449; x_wconf 87' lang='lat' dir='ltr'><strong>suo</strong></span> <span class='ocrx_word' id='word_1_169' title='bbox 928 2408 1195 2458; x_wconf 79' lang='lat' dir='ltr'><strong>contexendo,</strong></span> <span class='ocrx_word' id='word_1_170' title='bbox 1233 2412 1272 2446; x_wconf 89' lang='lat' dir='ltr'><strong>et</strong></span> <span class='ocrx_word' id='word_1_171' title='bbox 1294 2405 1515 2446; x_wconf 86' lang='lat' dir='ltr'><strong>rudimenta</strong></span> 
     </span>
    </p>

    <p class='ocr_par' dir='ltr' id='par_1_12' title="bbox 98 2471 1513 2530">
     <span class='ocr_line' id='line_1_29' title="bbox 98 2471 1513 2530; baseline -0.004 -12"><span class='ocrx_word' id='word_1_172' title='bbox 98 2476 232 2528; x_wconf 86' lang='lat' dir='ltr'><strong>potius</strong></span> <span class='ocrx_word' id='word_1_173' title='bbox 251 2477 525 2530; x_wconf 83' lang='lat' dir='ltr'><strong>antiquitatum</strong></span> <span class='ocrx_word' id='word_1_174' title='bbox 543 2489 659 2530; x_wconf 86' lang='lat' dir='ltr'><strong>quam</strong></span> <span class='ocrx_word' id='word_1_175' title='bbox 687 2476 939 2528; x_wconf 85' lang='lat' dir='ltr'><strong>antiquitates</strong></span> <span class='ocrx_word' id='word_1_176' title='bbox 966 2475 1079 2527; x_wconf 84' lang='lat' dir='ltr'><strong>ipsas</strong></span> <span class='ocrx_word' id='word_1_177' title='bbox 1106 2472 1333 2525; x_wconf 87' lang='lat' dir='ltr'><strong>scripsisse.</strong></span> <span class='ocrx_word' id='word_1_178' title='bbox 1391 2471 1513 2513; x_wconf 87' lang='lat' dir='ltr'><strong>Com-</strong></span> 
     </span>
    </p>

    <p class='ocr_par' dir='ltr' id='par_1_13' title="bbox 96 2540 1511 2596">
     <span class='ocr_line' id='line_1_30' title="bbox 96 2540 1511 2596; baseline -0.001 -14"><span class='ocrx_word' id='word_1_179' title='bbox 96 2542 231 2593; x_wconf 85' lang='lat' dir='ltr'><strong>posuit</strong></span> <span class='ocrx_word' id='word_1_180' title='bbox 249 2550 379 2584; x_wconf 83' lang='lat' dir='ltr'><strong>autem</strong></span> <span class='ocrx_word' id='word_1_181' title='bbox 396 2544 520 2585; x_wconf 87' lang='lat' dir='ltr'><strong>Varro</strong></span> <span class='ocrx_word' id='word_1_182' title='bbox 548 2549 706 2596; x_wconf 84' lang='lat' dir='ltr'><strong>praeter</strong></span> <span class='ocrx_word' id='word_1_183' title='bbox 731 2542 1018 2594; x_wconf 81' lang='lat' dir='ltr'><strong>Antiquitatum</strong></span> <span class='ocrx_word' id='word_1_184' title='bbox 1045 2541 1170 2581; x_wconf 92' lang='lat' dir='ltr'><strong>libros</strong></span> <span class='ocrx_word' id='word_1_185' title='bbox 1199 2540 1319 2590; x_wconf 85' lang='lat' dir='ltr'><strong>XLL,</strong></span> <span class='ocrx_word' id='word_1_186' title='bbox 1346 2552 1511 2591; x_wconf 88' lang='lat' dir='ltr'><strong>quorum</strong></span> 
     </span>
    </p>

    <p class='ocr_par' dir='ltr' id='par_1_14' title="bbox 86 2604 1508 2866">
     <span class='ocr_line' id='line_1_31' title="bbox 94 2604 1508 2664; baseline -0.004 -15"><span class='ocrx_word' id='word_1_187' title='bbox 94 2608 309 2663; x_wconf 76' lang='lat' dir='ltr'><strong>imaginem</strong></span> <span class='ocrx_word' id='word_1_188' title='bbox 331 2611 412 2653; x_wconf 87' lang='lat' dir='ltr'><strong>iam</strong></span> <span class='ocrx_word' id='word_1_189' title='bbox 430 2624 565 2653; x_wconf 85' lang='lat' dir='ltr'><strong>sumus</strong></span> <span class='ocrx_word' id='word_1_190' title='bbox 594 2608 848 2664; x_wconf 86' lang='lat' dir='ltr'><strong>proposituri,</strong></span> <span class='ocrx_word' id='word_1_191' title='bbox 879 2607 1106 2661; x_wconf 77' lang='lat' dir='ltr'><strong>singulares</strong></span> <span class='ocrx_word' id='word_1_192' title='bbox 1133 2606 1260 2647; x_wconf 89' lang='lat' dir='ltr'><strong>libros</strong></span> <span class='ocrx_word' id='word_1_193' title='bbox 1288 2604 1433 2645; x_wconf 89' lang='lat' dir='ltr'><strong>multos</strong></span> <span class='ocrx_word' id='word_1_194' title='bbox 1461 2605 1508 2645; x_wconf 86' lang='lat' dir='ltr'><strong>dc</strong></span> 
     </span>
     <span class='ocr_line' id='line_1_32' title="bbox 94 2672 1507 2732; baseline -0.003 -15"><span class='ocrx_word' id='word_1_195' title='bbox 94 2678 212 2719; x_wconf 86' lang='lat' dir='ltr'><strong>rebus</strong></span> <span class='ocrx_word' id='word_1_196' title='bbox 238 2691 290 2720; x_wconf 86' lang='lat' dir='ltr'><strong>ex</strong></span> <span class='ocrx_word' id='word_1_197' title='bbox 318 2679 616 2732; x_wconf 80' lang='lat' dir='ltr'><strong>antiquitatibus</strong></span> <span class='ocrx_word' id='word_1_198' title='bbox 646 2678 794 2731; x_wconf 85' lang='lat' dir='ltr'><strong>petitis,</strong></span> <span class='ocrx_word' id='word_1_199' title='bbox 824 2688 924 2730; x_wconf 85' lang='lat' dir='ltr'><strong>quas</strong></span> <span class='ocrx_word' id='word_1_200' title='bbox 953 2682 1020 2718; x_wconf 84' lang='lat' dir='ltr'><strong>aut</strong></span> <span class='ocrx_word' id='word_1_201' title='bbox 1038 2674 1230 2728; x_wconf 85' lang='lat' dir='ltr'><strong>ampliore</strong></span> <span class='ocrx_word' id='word_1_202' title='bbox 1247 2672 1507 2725; x_wconf 82' lang='lat' dir='ltr'><strong>descriptione</strong></span> 
     </span>
     <span class='ocr_line' id='line_1_33' title="bbox 91 2740 1507 2801; baseline -0.008 -10"><span class='ocrx_word' id='word_1_203' title='bbox 91 2745 234 2799; x_wconf 78' lang='lat' dir='ltr'><strong>dignas</strong></span> <span class='ocrx_word' id='word_1_204' title='bbox 264 2747 352 2801; x_wconf 85' lang='lat' dir='ltr'><strong>ipsc</strong></span> <span class='ocrx_word' id='word_1_205' title='bbox 381 2748 536 2790; x_wconf 87' lang='lat' dir='ltr'><strong>censuit</strong></span> <span class='ocrx_word' id='word_1_206' title='bbox 563 2761 677 2799; x_wconf 88' lang='lat' dir='ltr'><strong>esse,</strong></span> <span class='ocrx_word' id='word_1_207' title='bbox 715 2752 783 2788; x_wconf 86' lang='lat' dir='ltr'><strong>aut</strong></span> <span class='ocrx_word' id='word_1_208' title='bbox 811 2744 967 2788; x_wconf 85' lang='lat' dir='ltr'><strong>occasio</strong></span> <span class='ocrx_word' id='word_1_209' title='bbox 998 2742 1207 2797; x_wconf 87' lang='lat' dir='ltr'><strong>quaepiam</strong></span> <span class='ocrx_word' id='word_1_210' title='bbox 1235 2740 1404 2782; x_wconf 83' lang='lat' dir='ltr'><strong>scribere</strong></span> <span class='ocrx_word' id='word_1_211' title='bbox 1433 2742 1507 2781; x_wconf 86' lang='lat' dir='ltr'><strong>ad-</strong></span> 
     </span>
     <span class='ocr_line' id='line_1_34' title="bbox 86 2806 1505 2866; baseline -0.003 -15"><span class='ocrx_word' id='word_1_212' title='bbox 86 2812 256 2865; x_wconf 81' lang='lat' dir='ltr'><strong>monuit,</strong></span> <span class='ocrx_word' id='word_1_213' title='bbox 303 2815 351 2854; x_wconf 90' lang='lat' dir='ltr'><strong>de</strong></span> <span class='ocrx_word' id='word_1_214' title='bbox 390 2813 532 2866; x_wconf 88' lang='lat' dir='ltr'><strong>quibus</strong></span> <span class='ocrx_word' id='word_1_215' title='bbox 579 2813 692 2855; x_wconf 89' lang='lat' dir='ltr'><strong>libris</strong></span> <span class='ocrx_word' id='word_1_216' title='bbox 730 2811 887 2854; x_wconf 86' lang='lat' dir='ltr'><strong>idoneis</strong></span> <span class='ocrx_word' id='word_1_217' title='bbox 925 2811 1140 2864; x_wconf 87' lang='lat' dir='ltr'><strong>quibusque</strong></span> <span class='ocrx_word' id='word_1_218' title='bbox 1181 2807 1282 2849; x_wconf 90' lang='lat' dir='ltr'><strong>locis</strong></span> <span class='ocrx_word' id='word_1_219' title='bbox 1318 2806 1505 2853; x_wconf 83' lang='lat' dir='ltr'><strong>dicemus,</strong></span> 
     </span>
    </p>
   </div>
   <div class='ocr_carea' id='block_1_4' title="bbox 1156 2873 1183 2915">
    <p class='ocr_par' dir='ltr' id='par_1_15' title="bbox 1156 2873 1183 2915">
     <span class='ocr_line' id='line_1_35' title="bbox 1156 2873 1183 2915; baseline 0 0"><span class='ocrx_word' id='word_1_220' title='bbox 1156 2873 1183 2915; x_wconf 88' lang='lat'>1</span> 
     </span>
    </p>
   </div>
   <div class='ocr_carea' id='block_1_5' title="bbox 0 2831 1879 2936">
    <p class='ocr_par' dir='ltr' id='par_1_16' title="bbox 0 2831 1879 2936">
     <span class='ocr_line' id='line_1_36' title="bbox 0 2831 1879 2936; baseline 0 0"><span class='ocrx_word' id='word_1_221' title='bbox 0 2896 1156 2936; x_wconf 95' lang='lat' dir='ltr'><strong> </strong></span> <span class='ocrx_word' id='word_1_222' title='bbox 1183 2831 1879 2936; x_wconf 95' lang='lat' dir='ltr'><strong>  </strong></span> 
     </span>
    </p>
   </div>
  </div>
 </body>
</html>
