1949 3321
299 458 338 496 et
363 451 469 494 Pace
483 449 557 508 ²⁸)
583 451 677 504 XX.
705 452 859 497 videtur
894 451 1038 496 fuisse.
1093 447 1285 496 Eiusdem
1322 451 1414 494 libri
1451 457 1604 506 partem
1621 461 1721 493 >uon

298 518 433 561 dubito
471 519 568 574 quin
605 518 787 563 tribuerit
820 519 880 561 rei
917 519 1106 573 militari,
1141 534 1194 562 ex
1232 532 1311 574 qua
1336 519 1582 567 Serviusrad
1606 516 1720 572 Virg-

295 588 398 631 Aeu.
424 588 522 643 XII,
559 589 656 632 121.
685 588 867 631 videatur
893 588 1128 643 tradidisse,
1162 590 1382 633 Varronem
1416 588 1722 632 indibria-Re-

295 671 385 699 rum
420 658 681 711 humanarum
717 658 794 697 duo
815 669 979 710 ‘genera
1014 658 1217 710 agminum
1243 656 1518 708 constituisse,
1549 658 1722 699 alterum

297 728 533 780 quadratum
568 726 735 768 alterum
771 724 951 778 pilatum.
1027 726 1182 778 Quibus
1227 726 1346 768 facile
1383 724 1583 768 addideris
1601 738 1721 779 ,quae

295 793 404 838 idem
426 795 546 834 babet
574 792 752 849 adeAent
778 792 870 843 XI,⁴
886 793 984 835 682.
1040 793 1319 846 Philargyrius
1353 794 1406 834 ad
1432 791 1546 844 Vir-g.
1574 792 1720 844 Georg.

293 859 362 912 111,
389 858 489 902 313.
547 857 703 901 Gellius
724 858 776 910 X,
802 858 872 902 27.
930 859 1095 902 Servius
1123 861 1175 902 ad
1195 859 1295 904 Aen.
1313 859 1383 913 XI,
1410 858 1507 903 502.
1563 859 1610 901 In
1636 859 1721 902 alio

281 928 465 980 «quodam
491 925 594 968 libro
633 928 680 967 de
716 926 844 968 tribus
877 927 963 969 illis
992 928 1136 969 civium
1160 928 1363 969 ordinibus
1389 928 1526 981 egisse
1554 927 1720 980 videtur,

293 1000 339 1035 ut
377 1007 429 1035 ex
456 993 534 1035 bac
563 993 793 1047 quaestione
826 994 997 1037 forsitan
1034 995 1087 1037 sit
1125 998 1228 1049 quod
1253 994 1418 1038 Servius
1445 996 1497 1037 ad
1523 994 1623 1039 Aen.
1650 995 1722 1048 IX,

295 1062 395 1105 606.
432 1061 653 1109 Varronem
689 1062 785 1104 dicit
822 1062 865 1103 in
906 1063 1021 1104 libris
1050 1063 1339 1116 Antiquitatum
1365 1076 1496 1104 rerum
1522 1064 1722 1104 bumana-

293 1143 383 1172 rum
417 1141 631 1181 narrasse,
670 1128 822 1182 equites
851 1142 877 1170 a
902 1129 1102 1171 veteribus
1130 1130 1354 1179 Flexuutas
1386 1129 1513 1175 fuisse
1540 1137 1715 1176 vocatos.

292 1196 422 1248 Atque
459 1202 616 1249 praeter
651 1196 754 1237 baec
792 1209 873 1236 non
910 1197 1058 1249 habui,
1097 1198 1239 1249 quibus
1280 1210 1329 1237 ea
1367 1210 1466 1249 quae
1502 1212 1529 1241 a
1565 1199 1718 1251 Popma

292 1262 464 1304 collecta
506 1268 597 1304 sunt
625 1274 825 1315 augerem.
900 1263 1005 1306 Nam
1040 1271 1083 1307 ut
1121 1265 1221 1307 satis
1248 1264 1374 1307 multa
1399 1266 1602 1320 supersint
1632 1266 1719 1315 fra-2

290 1336 463 1383 gmento,
493 1329 751 1371 similitudine
769 1330 905 1383 aliqua
924 1345 1011 1371 cum
1031 1331 1082 1372 iis
1108 1332 1328 1383 coniuncta,
1359 1333 1560 1384 quaebuc
1586 1318 1717 1377 refer-s

289 1413 336 1441 ze.
371 1411 399 1440 a
429 1397 689 1450 scriptoribus
717 1398 935 1441 veteribus
956 1399 1153 1451 iubemur,
1191 1405 1332 1441 tamem
1374 1413 1455 1458 non
1493 1400 1716 1456 diligentis,

292 1467 363 1505 sed
400 1463 683 1504 inconsiderati
720 1478 810 1506 esse
846 1471 952 1513 recte
991 1465 1206 1517 iudicetur,
1250 1466 1286 1506 si
1319 1466 1412 1518 quis
1448 1466 1490 1507 in
1517 1468 1622 1508 huuc
1650 1468 1715 1508 lo-

286 1523 377 1575 cum
402 1531 479 1573 illa
506 1530 639 1573 omnia
666 1522 853 1585 coegerit.
909 1532 1137 1574 Particulae
1176 1532 1282 1574 enim
1311 1533 1543 1586 superstites
1578 1548 1630 1576 ex
1650 1540 1714 1577 ,tot

289 1599 625 1652 descriptionibus
642 1599 910 1641 institutorum
936 1601 1196 1654 publicorum,
1225 1601 1369 1654 legum,
1398 1602 1713 1656 magistratuum,

289 1669 429 1710 eodem
465 1666 550 1708 iure
586 1667 638 1708 ad
667 1666 772 1709 alios
802 1667 929 1710 libros
957 1667 1104 1709 multos
1134 1681 1210 1720 quo
1240 1668 1318 1710 huo
1347 1668 1542 1722 pertinere
1572 1670 1711 1712 dicuu-

288 1743 366 1781 tur.
404 1733 596 1794 Scripsit
623 1734 727 1776 enim
753 1735 903 1787 Varro,
931 1744 975 1775 ut
1001 1749 1080 1776 uno
1110 1742 1213 1776 certe
1243 1737 1424 1788 exemplo
1451 1750 1534 1777 rem
1563 1738 1713 1779 transi·

288 1816 407 1857 gam,
446 1801 762 1855 Epistolicarum
792 1803 1066 1856 quaestionum
1101 1803 1249 1854 libros,
1287 1804 1430 1855 quibus
1458 1803 1712 1856 antiquitates

288 1870 416 1913 omnis
452 1868 611 1922 generis
648 1868 840 1924 (fortasse
879 1869 999 1911 etiam
1027 1875 1244 1921 temporum
1269 1870 1465 1922 rationes,
1500 1871 1581 1914 vid.
1612 1871 1715 1912 Ser-.-.

284 1937 378 1981 vius
407 1937 460 1978 ad
482 1934 597 1989 Virg.
627 1935 774 1989 Georg.
802 1936 841 1988 1,
868 1934 961 1990 43.)
989 1935 1218 1979 illustravit.
1275 1936 1319 1977 In
1346 1936 1466 1978 huius
1497 1937 1628 1990 operis
1656 1937 1711 1978 li-

285 2007 358 2047 bro
375 2002 467 2056 IV„
502 2008 546 2044 ut
583 2003 735 2045 Gellius
763 2002 884 2044 refert
901 2002 1013 2054 XIV,
1044 2002 1133 2053 17.,
1171 2002 1323 2044 litteras
1352 2003 1513 2056 collegit
1540 2005 1591 2046 ad
1623 2003 1709 2057 Op-

283 2071 450 2126 pianum
478 2069 638 2122 missas,
667 2069 808 2122 quibus
836 2069 1056 2111 restitueret
1086 2080 1187 2122 quae
1213 2068 1256 2110 iu
1281 2069 1569 2112 Commentario
1589 2071 1709 2116 ,εἷσα-

282 2140 443 2193 γωγικῷ
478 2138 526 2178 dc
564 2143 743 2179 senatum
779 2137 950 2178 habendi
978 2136 1131 2177 ratione
1170 2137 1421 2189 scripsisset,
1457 2139 1509 2178 ad
1536 2137 1709 2189 Pompe-

284 2205 368 2246 ium
402 2203 475 2244 illo
515 2202 671 2256 quidem
707 2202 916 2254 mittendo,
965 2203 1057 2253 sed,
1104 2216 1193 2243 cum
1228 2210 1336 2244 esset
1372 2202 1618 2255 proscriptus
1657 2203 1708 2241 ab

282 2271 478 2323 Antonio,
518 2270 639 2312 simul
676 2283 766 2311 cum
801 2269 1053 2311 bibliothecis
1092 2270 1259 2322 direpto.
1317 2268 1395 2320 Qui
1425 2267 1521 2309 libri
1559 2273 1705 2321 quanto

282 2341 478 2381 bonarum
504 2337 649 2379 artium
686 2338 827 2377 damno
856 2336 1044 2389 perierint
1070 2335 1313 2377 Niebuhrius
1344 2335 1476 2375 docuit
1500 2333 1543 2374 in
1569 2333 1622 2375 H.
1652 2333 1716 2376 R..

283 2407 338 2450 Τ.
363 2406 430 2449 ΙΠ.
465 2419 506 2458 p.
534 2404 620 2457 50„
663 2403 726 2445 cui
764 2409 894 2445 tamen
923 2403 1022 2444 illud
1053 2402 1213 2444 dubium
1248 2400 1374 2443 videri
1409 2413 1491 2441 non
1528 2401 1705 2451 debebat,

281 2472 453 2524 scriptas
481 2483 573 2512 esse
599 2471 677 2511 bas
700 2470 854 2517 litteras
884 2476 976 2521 post
1004 2481 1151 2510 anuum
1169 2466 1221 2510 U.
1240 2468 1286 2509 C.
1304 2468 1404 2509 707.
1458 2466 1586 2519 Atque
1603 2467 1704 2507 baec

282 2540 440 2595 quidem
464 2538 632 2581 dicenda
650 2544 769 2582 ‚crant
785 2539 832 2579 dc
853 2537 968 2580 libris
983 2536 1267 2589 Antiquitatum
1283 2548 1413 2576 rerum
1429 2535 1702 2578 humanarum.

414 2606 530 2647 Libri
557 2602 688 2646 autem
713 2604 1002 2657 Antiquitatum
1029 2617 1160 2645 rerum
1188 2602 1432 2654 divinarum,
1469 2614 1704 2655 quamquam

278 2675 456 2718 maxime
492 2673 626 2717 idonei
664 2680 757 2715 suut
792 2675 843 2716 ad
872 2672 1066 2716 Varronis
1103 2671 1343 2714 voluntatem
1377 2672 1703 2724 cognoscendam,

280 2743 467 2796 quoniam
504 2742 546 2783 in
585 2755 631 2782 eo
670 2743 956 2793 versabantur,
998 2742 1102 2793 quod
1130 2739 1168 2781 ei
1203 2739 1414 2793 praecipue
1441 2738 1552 2780 cordi
1581 2742 1700 2788 esset,

321 2836 383 2882 28)
407 2833 508 2870 Hinc
531 2838 634 2880 patet
657 2832 697 2868 in
718 2829 795 2869 Cic..
818 2829 965 2867 Acadd.
987 2831 1012 2865 1.
1034 2841 1069 2868 c.
1091 2841 1203 2866 unam
1227 2840 1357 2868 veram
1377 2826 1601 2876 scripturam
1616 2837 1699 2865 esse

411 2893 481 2933 „iu
496 2887 754 2932 domesticam,
772 2891 813 2921 iu
829 2885 1004 2922 bellicam
1020 2885 1288 2934 disciplinam“
1303 2905 1348 2912 —
1364 2885 1413 2922 al.
1432 2884 1643 2935 publicam.
