1925 3272
332 394 581 466 ligefitersin
614 413 779 468 scriptis
795 414 1180 460 „Varronisversati
1208 413 1482 466 consentiunt,
1509 414 1760 466 quma-te-

338 478 529 522 stimouia
572 480 736 524 subieci.
802 481 979 524 Primum
1018 481 1129 526 >enim
1170 479 1419 535 Augustinus
1457 481 1513 523 de
1561 478 1650 522 Civ.
1685 475 1764 527 Dei

337 546 409 589 lib.
431 546 574 600 XVIII,
600 548 642 600 2,
670 548 711 591 2.
741 548 871 600 „Erat
897 548 1186 602 cuiun-inquit,
1215 555 1387 601 tempore
1414 546 1488 591 illo
1505 541 1765 602 (Abraham)

338 626 507 668 regnum
537 615 811 669 Sicyoniorum
839 617 1055 657 admodum.
1079 629 1266 669 parvum,
1298 612 1325 657 a
1353 627 1431 667 quo
1460 613 1537 659 ille
1560 615 1766 659 undecun-

342 692 418 733 que
446 679 699 733 doctissimus
727 679 854 733 Varro
898 681 1077 723 scribens
1104 683 1152 723 de
1175 682 1299 724 Gente
1326 679 1473 733 Populi
1497 680 1673 726 Romani
1695 685 1773 724 ve-‘

341 745 402 797 lut
430 747 592 798 antiquo
614 753 788 799 tempore
817 762 989 790 exorsus
1007 755 1083 801 est,
1115 751 1167 790 ab
1195 749 1261 790 his
1289 747 1394 789 enim
1412 747 1687 801 Sicyoniorum
1700 760 1768 789 re-

342 813 460 864 gibus
499 814 550 853 ad
586 813 851 864 Athenienses
888 816 1089 867 pervenit,
1128 828 1154 856 a
1192 815 1337 867 quibus
1376 817 1428 857 ad
1450 814 1641 867 Latinos,
1676 814 1769 856 inde

342 881 395 921 ad
412 880 656 922 Romanos.“
683 881 784 934 relq.
845 882 997 933 Quibus
1027 884 1127 924 adde
1156 895 1256 935 quae
1285 882 1388 924 idem
1415 882 1561 924 ibidem
1588 895 1623 925 c.
1643 881 1685 926 8.
1702 894 1771 922 re-

340 945 431 986 fert.
479 946 613 997 „Nam
640 948 766 988 Varro
814 948 906 989 iude
942 961 1112 990 exorsus
1155 955 1217 988 est
1254 948 1401 1000 librum
1436 947 1550 988 cuius
1586 946 1770 999 superins

345 1010 586 1054 mentionem
614 1012 715 1067 feci,
752 1019 795 1069 et
822 1013 925 1057 nihil
963 1014 1041 1065 sibi
1077 1028 1129 1057 ex
1166 1028 1242 1069 quo
1267 1014 1487 1071 perveniat
1511 1016 1563 1057 ad
1590 1027 1655 1056 res
1682 1012 1772 1055 Ro-

343 1093 487 1122 manas
523 1083 710 1135 proponit
752 1083 954 1136 antiquius
993 1096 1108 1136 qnam
1138 1083 1293 1137 Ogygis
1330 1083 1547 1125 dilnvium“
1575 1088 1614 1124 et
1634 1095 1676 1124 c.
1702 1080 1771 1125 13.

344 1149 452 1200 „hae
482 1148 643 1191 fabulae
663 1152 726 1195 >ad
761 1151 909 1192 bellum
942 1164 1069 1204 usque
1098 1151 1338 1202 Troianum,
1378 1151 1447 1192 nbi
1481 1152 1692 1193 secundum
1717 1149 1772 1191 li-

343 1217 458 1257 brum
487 1216 546 1266 Μ.
578 1216 716 1264 Varro.
733 1218 781 1261 de
810 1217 934 1262 Gente
962 1217 1062 1268 Pop.
1088 1217 1205 1258 Rom.
1231 1216 1401 1261 finivit.“
1457 1217 1521 1259 Cf.
1538 1216 1773 1257 Lactantius

348 1283 400 1322 ad
439 1282 541 1324 Stat.
573 1282 705 1325 Theb.
734 1283 774 1335 Ι,
814 1281 911 1327 173.
927 1281 1015 1338 ²⁸)¹
1043 1288 1085 1324 et.
1101 1282 1301 1328 Arnobius
1338 1280 1428 1326 adv.
1457 1283 1605 1325 Gentes
1634 1282 1691 1334 V,
1730 1282 1772 1325 8.

348 1335 506 1401 Quibus
536 1350 720 1392 excitatis
749 1350 916 1393 testibus
944 1350 988 1393 in
1017 1350 1154 1398 oculos
1184 1350 1301 1404 quasi
1328 1349 1514 1403 incurrit,
1551 1363 1633 1391 non
1667 1348 1773 1391 alius

343 1417 438 1475 libri
463 1417 590 1458 fuisse
619 1430 720 1470 quae
750 1417 1005 1469 Censorinus
1024 1420 1089 1460 de
1100 1417 1176 1458 Die
1204 1418 1298 1464 Nat
1327 1418 1458 1460 tradit.
1487 1431 1521 1460 c.
1545 1416 1614 1460 21.
1639 1416 1772 1469 „Var-

340 1499 388 1527 ro
418 1484 497 1526 tria
525 1484 756 1527 discrimina
784 1473 1002 1538 temporum
1026 1498 1116 1526 esse
1144 1484 1294 1526 tradit:
1317 1484 1483 1537 primum
1503 1486 1553 1526 ab
1571 1483 1774 1524 hominum

342 1551 541 1611 principio
580 1553 632 1592 ad
667 1552 949 1605 cataclysmum
983 1552 1155 1604 priorem
1182 1576 1240 1585 —-
1266 1551 1421 1607 ἄδηλον
1446 1575 1524 1603 -,
1559 1553 1775 1593 seeundum

346 1632 372 1660 a
402 1618 643 1672 cataclysmo
682 1618 814 1671 priore
852 1620 903 1659 ad
933 1617 1205 1674 Olympiadem
1233 1618 1402 1671 primam
1425 1642 1482 1650 —
1506 1615 1680 1672 μυθικὸν
1703 1641 1773 1670 —‚

345 1683 501 1735 tertium
546 1697 571 1725 a
615 1684 746 1737 prima
780 1685 1016 1739 Olympiade
1059 1687 1122 1728 ad
1148 1698 1223 1726 nos
1251 1710 1307 1717 —
1338 1683 1544 1740 ἱστορικόν
1584 1708 1653 1728 -.
1710 1684 1772 1727 De

317 1778 320 1779 ν
347 1750 462 1810 tertio
492 1757 632 1813 autem
669 1756 842 1805 tempore
877 1750 954 1791 fuit
990 1750 1144 1804 quidem
1181 1750 1318 1804 aliqua
1345 1750 1448 1792 inter
1483 1756 1664 1794 auctores
1689 1752 1773 1794 dis-

346 1802 499 1872 sentio,
507 1842 563 1850 -
582 1821 652 1860 sed
681 1820 759 1879 hoc
789 1820 1045 1872 quodcunque
1062 1819 1252 1871 caliginis
1269 1817 1396 1860 Varro
1413 1818 1615 1871 discussit,
1645 1825 1683 1861 et
1699 1833 1772 1873 pro

345 1892 476 1928 cetera
516 1899 591 1948 sua
628 1875 872 1949 sagacitate,
905 1899 1009 1927 nunc
1047 1886 1292 1945 diversarum
1329 1886 1529 1928 civitatum
1564 1886 1771 1930 conferens

344 1959 536 2011 tempora,
565 1966 670 1999 nunc
697 1953 871 1995 defectus
900 1967 1109 2006 eorumque
1137 1938 1353 2010 intervalla
1377 1964 1482 1997 retro
1507 1952 1772 2006 dinumerans,

343 2020 445 2061 eruit
461 2032 612 2071 verum,
638 2020 842 2083 lucemque
871 2019 1055 2078 ostendit,
1084 2033 1155 2073 per
1184 2032 1302 2073 quam
1329 2032 1515 2060 numerus
1546 2025 1674 2061 certus
1691 2034 1772 2061 non

344 2083 538 2129 annorum
560 2088 713 2150 modo,
721 2089 791 2128 sed
821 2093 858 2128 et
881 2087 1031 2128 dierum
1058 2086 1233 2139 perspici
1258 2086 1398 2139 possit.
1400 2089 1427 2111 “
1484 2085 1548 2129 cf.
1567 2087 1770 2134 Plutarch.

343 2154 464 2195 Rom.
486 2167 521 2194 c.
543 2151 612 2219 12.
670 2153 740 2207 Ex
748 2152 913 2206 quibus
943 2152 1165 2216 colligitur,
1198 2150 1454 2203 Varronem
1442 2165 1485 2192 ιιι
1507 2151 1691 2213 utrisque
1716 2151 1772 2194 li·-

343 2220 429 2282 bris
468 2214 569 2273 satis
610 2220 819 2271 subtiliter
846 2213 1074 2277 disputasse
1111 2222 1158 2262 de
1188 2220 1447 2274 chronologia
1473 2220 1671 2274 Romana,
1700 2222 1771 2262 sed

343 2288 447 2328 inter
475 2301 545 2328 eos
572 2283 744 2350 fortasse
772 2288 858 2344 hoc
878 2287 1118 2330 discriminis
1150 2286 1450 2337 intercessisse,
1486 2290 1536 2326 ut
1556 2284 1770 2338 Terentius

344 2353 542 2405 expositis
580 2353 622 2394 in
660 2347 776 2394 libris
804 2352 1094 2417 Antiquitatum
1136 2352 1195 2394 rei
1223 2353 1444 2409 Romanae
1458 2356 1552 2403 tum
1565 2352 1769 2403 nascentis

345 2425 428 2461 tum
466 2406 682 2461 crescentis
724 2424 762 2459 et
800 2414 1041 2460 senescentis
1079 2417 1357 2475 temporibus,
1387 2430 1438 2469 ne
1482 2416 1575 2470 quid
1611 2416 1654 2457 in
1689 2406 1769 2461 hac
1797 2464 1802 2475 Α

344 2478 583 2541 quaestione
600 2485 904 2538 desideraretur,
932 2485 1058 2528 libros
1088 2487 1136 2528 de
1161 2486 1285 2528 Gente
1312 2484 1412 2538 Pop.
1431 2484 1547 2547 Rom.
1566 2485 1768 2539 scriberet,

388 2632 448 2677 25)
473 2632 530 2669 cf.
559 2631 713 2668 Servius
739 2631 786 2667 ad
813 2630 917 2680 Virg.
944 2633 1024 2669 Ecl.
1049 2633 1121 2678 VI,
1144 2633 1201 2669 41.
1247 2631 1417 2681 Apparet
1430 2597 1565 2676 horum
1582 2631 1766 2670 librorum

478 2699 562 2723 esse
589 2687 716 2722 omnia
734 2700 831 2736 quae
850 2687 1077 2735 Augustinus
1095 2688 1143 2722 de
1165 2688 1245 2724 Giv.
1265 2688 1337 2722 Dei
1355 2687 1422 2722 lib.
1438 2684 1580 2723 XVIII.
1598 2700 1650 2726 ex
1664 2690 1767 2727 Var—

483 2755 579 2779 rone
608 2742 737 2788 afl'ert,
771 2717 932 2792 quibus&
933 2749 1034 2779 recte
1059 2744 1246 2780 adduntur
1271 2756 1367 2792 qnae
1397 2756 1458 2791 ap.
1475 2744 1648 2782 Servium
1679 2751 1767 2782 sunt
1837 2744 1839 2747 ’

482 2797 531 2834 ad
557 2799 653 2835 Aen.
670 2800 744 2841 111,
772 2800 873 2844 578„
904 2798 1035 2835 iterata
1060 2812 1083 2836 a
1104 2800 1290 2850 Mythogr.
1304 2799 1398 2836 Maii
1413 2801 1478 2837 111.
1502 2806 1540 2836 st
1557 2801 1605 2838 11.
1627 2812 1667 2847 p.
1687 2802 1764 2838 104.

480 2860 517 2889 et
537 2856 614 2891 166.
635 2853 696 2891 ed.
715 2853 806 2890 Mai.
1108 2887 1111 2890 Α
1348 2884 1351 2886 .
