2023 3327
939 280 1195 325 -2-.

367 392 476 433 Ordo
503 396 635 435 autem
662 393 737 436 erit
762 393 883 436 buius
900 393 1190 448 disputationis
1207 395 1275 449 is,
1311 400 1355 438 ut
1380 396 1506 450 primo
1519 445 1522 450 ¹
1535 396 1624 443 loco
1650 409 1781 451 pona-

363 473 453 501 mus
483 472 586 513 quae
614 461 662 503 de
689 461 871 504 omnibus
905 460 1025 504 simul
1052 461 1220 505 dicenda
1257 462 1358 517 sint,
1394 464 1533 507 deinde
1556 478 1652 517 *vero
1678 478 1780 521 quae

363 529 412 569 de
440 528 610 581 singulis
639 530 759 571 totius
787 530 918 583 operis
946 529 1127 583 partibus
1155 530 1271 572 nobis
1300 531 1540 588 innotuerint
1564 545 1782 587 persequa-

364 609 475 649 mur,
514 595 681 650 denique
722 609 822 651 quae
858 598 912 640 ad
937 596 1149 641 historiam
1175 598 1317 640 horum
1346 598 1538 641 librorum
1563 601 1784 655 pertineant

366 666 574 707 addamus,
917 703 919 706 .

500 731 666 771 Librum
694 745 961 786 quemcunque
988 732 1198 787 scriptoris
1225 734 1444 788 cuiuspiam
1470 733 1616 778 veteris
1632 747 1784 790 eogno-

366 812 475 841 scere
504 798 721 853 volentium
743 812 838 855 ¹cum
862 801 1057 853 imprimis
1083 802 1251 844 multum
1267 801 1461 844 interesse
1494 807 1674 855 oporteat
1700 801 1783 843 sci-

365 881 431 918 re,
476 866 579 918 quod
608 865 819 908 consilium
848 875 1006 910 secutus
1042 868 1080 909 is
1115 868 1262 926 librum
1298 868 1533 922 confecerit,
1568 874 1650 909 tum
1676 867 1782 912 Var-

366 948 502 976 ronem
540 939 631 974 ante
671 934 804 976 omnia
839 937 1075 994 monendum
1122 942 1182 979 est
1218 937 1343 979 libros
1371 934 1659 989 Antiquitatum
1699 948 1782 976 non

1999 476 2007 536 fi·—

368 1001 583 1055 scripsisse
621 1002 757 1043 doctis
794 1004 866 1044 sed
899 1002 1089 1061 deibus,-
1134 1004 1251 1057 idque
1279 1017 1367 1045 eum
1390 1004 1537 1045 fecisse
1562 1016 1644 1063 non
1673 1001 1783 1044 dele-

367 1070 502 1112 ctandi
530 1082 677 1123 causa,
715 1072 787 1112 sed
812 1070 932 1125 longe
960 1070 1224 1114 laudabiliore
1252 1077 1467 1125 permotum
1495 1071 1638 1113 studio.
1687 1069 1781 1121 Scio

371 1139 528 1191 quidem
556 1137 641 1178 fore
669 1143 714 1178 ut
743 1138 862 1190 pauci
889 1138 1034 1180 iudicio
1062 1145 1200 1180 nostro
1228 1139 1422 1181 caleulum
1448 1139 1659 1182 adiiciant:
1700 1136 1784 1190 legi

370 1206 476 1246 enim
515 1218 795 1256 saepenumero
831 1211 870 1246 et
905 1205 1038 1246 audivi
1073 1205 1221 1250 multos
1255 1204 1434 1246 homines
1473 1219 1562 1246 cum
1597 1205 1783 1255 dicerent,

369 1273 473 1314 nihil
500 1286 590 1313 esse
617 1272 660 1313 in
678 1272 858 1315 Varrone
877 1277 1033 1324 praeter
1048 1271 1246 1325 ingentem
1263 1271 1463 1314 doctrinae
1486 1272 1654 1326 copiam,
1683 1267 1797 1313 scri-'

370 1340 502 1393 psisse
528 1353 615 1380 eum
642 1338 931 1391 Antiquitatum
959 1339 1111 1391 libros,
1139 1353 1189 1380 ne
1218 1339 1367 1381 scrinia
1395 1341 1597 1390 deessent,
1624 1340 1666 1380 iu
1694 1338 1784 1392 qui-

369 1410 444 1449 bus
471 1406 703 1454 immensam
730 1405 932 1448 doctrinae
956 1406 1100 1447 molem
1127 1411 1354 1459 reponeret,
1384 1406 1510 1447 videri
1537 1419 1627 1447 enm
1652 1406 1785 1448 lacum

370 1488 462 1515 esse
499 1474 564 1515 vel
603 1479 807 1526 stagnum,
855 1487 931 1525 quo
969 1474 1094 1515 multa
1138 1473 1425 1514 confluxissent
1460 1486 1556 1514 vera
1588 1472 1784 1520 immixtis

369 1542 513 1593 falsis,
549 1541 694 1582 idonea
718 1540 888 1593 ineptis,
934 1541 1168 1594 profundum
1194 1541 1294 1581 illud
1318 1540 1471 1598 quidem
1500 1542 1569 1582 sed
1593 1540 1785 1593 putidum.

373 1611 455 1650 Sed
489 1610 590 1649 haec
623 1615 662 1649 et
697 1609 762 1649 his
801 1608 950 1649 similia
987 1611 1112 1650 atde
1148 1608 1321 1650 Antonio
1350 1597 1561 1661 'Gniphone
1597 1614 1636 1649 et
1669 1607 1785 1650 Aelio

373 1676 527 1718 Stilone
556 1675 727 1728 aliisque
755 1674 1049 1729 grammaticis,
1079 1675 1146 1728 qui
1173 1675 1263 1717 vivo
1292 1674 1468 1716 Varrone
1492 1680 1531 1716 et
1551 1680 1644 1727 post
1669 1674 1787 1716 vixe-

371 1749 483 1795 runt,
516 1748 621 1783 recte
657 1744 783 1785 dicta.
802 1743 904 1794 sint,
940 1742 1053 1783 nullo
1079 1744 1192 1783 modo
1221 1743 1367 1783 cadunt
1387 1741 1430 1782 in
1458 1741 1687 1785 Varronem.
1744 1740 1787 1783 Is

372 1812 478 1852 enim
504 1823 593 1849 eum
620 1810 780 1861 optimis
806 1810 1024 1861 quibusque
1054 1809 1206 1850 civibus
1234 1822 1322 1850 cum
1347 1809 1635 1861 intellexisset,
1664 1821 1786 1850 unam

374 1890 488 1930 spem
517 1877 660 1917 salutis
688 1877 880 1929 reliquam
906 1875 1147 1928 reipublicae
1174 1876 1380 1916 Romanae
1410 1882 1561 1917 restare
1598 1888 1705 1928 eam,
1743 1880 1788 1915 ut

374 1958 503 1986 mores
527 1943 679 1996 antiqui
703 1946 1011 1998 revocarentur,
1041 1949 1080 1984 et
1107 1943 1289 1984 instituta
1315 1942 1526 1994 maiorum,
1563 1942 1723 1995 pietatis
1750 1948 1789 1984 et

374 2012 534 2055 virtutis
571 2011 758 2064 antiquae
795 2011 979 2063 exempla
1022 2011 1343 2061 restituerentur,
1393 2016 1543 2051 tantum
1587 2011 1701 2051 abest
1743 2015 1788 2050 ut

375 2081 501 2120 libros
539 2079 745 2131 scripserit
779 2078 823 2118 in
861 2078 1002 2130 quibus
1039 2078 1258 2119 doctrinam
1294 2078 1399 2118 docti
1438 2078 1699 2129 mirarentur,
1741 2086 1791 2119 ut

377 2146 501 2189 libris
520 2146 648 2189 XLI.
677 2146 1009 2199 Antiquitatum
1027 2146 1158 2186 totius
1185 2147 1299 2186 vitae
1315 2143 1541 2186 Romanae
1558 2134 1791 2187 tradiderit

373 2216 674 2266 disciplinam,
702 2218 741 2252 et
768 2212 1110 2263 demonstraverit,
1140 2214 1331 2263 quomodo
1356 2213 1400 2252 in
1421 2212 1584 2267 ,civitate
1606 2212 1788 2253 Romana

378 2280 646 2321 institutiones
683 2292 859 2332 quaeque
896 2278 1112 2331 antiquitus
1148 2277 1322 2320 fuissent
1349 2278 1551 2329 conditae,
1597 2290 1673 2330 quo
1709 2277 1790 2318 rei-

378 2348 564 2400 publicae
592 2348 793 2388 commodo
822 2347 1097 2388 retinerentur.
1153 2345 1254 2395 Hoc·
1272 2346 1430 2387 vinculo
1460 2350 1647 2397 separata
1673 2350 1792 2386 antea

371 2415 514 2456 -studia
550 2422 588 2457 et
625 2420 785 2467 propter
811 2413 851 2455 id
879 2414 1011 2466 ipsum
1043 2412 1173 2453 minus
1212 2412 1330 2454 utilia
1375 2399 1600 2463 coniuniit,
1636 2417 1675 2453 et
1705 2411 1792 2453 col-

374 2484 525 2524 ·lectam
549 2497 601 2522 ex
626 2482 807 2534 pluribus
836 2482 985 2522 artibus
1014 2487 1052 2521 et
1085 2480 1226 2521 studiis
1246 2479 1498 2532 disciplinam
1521 2478 1794 2532 antiquitatum

382 2563 463 2588 non
491 2549 622 2589 solum
642 2548 842 2599 fundavit,
886 2549 958 2588 sed
983 2547 1040 2587 ita
1066 2548 1275 2589 exornavit
1311 2552 1350 2587 et
1384 2547 1576 2599 absolvit,
1614 2553 1656 2588 ut
1691 2546 1794 2587 nihil

383 2616 652 2658 desiderarent
691 2603 763 2668 ‘qui
805 2621 948 2668 postea
992 2614 1133 2655 iisdem
1172 2628 1214 2656 se
1260 2615 1446 2655 dederuut
1483 2613 1647 2663 studiis3
1692 2613 1796 2656 idem

384 2690 514 2724 autem
556 2690 595 2723 et
642 2683 819 2729 conditor
869 2683 966 2723 artis
1006 2687 1111 2722 recte
1156 2683 1366 2724 haberetur
1419 2687 1457 2722 et
1503 2681 1696 2735 perfector
1737 2681 1794 2737 ¹).

429 2796 470 2842 1)
494 2797 659 2831 Fuerunt
688 2793 798 2830 multi
827 2801 914 2842 post
935 2795 1145 2831 Varronem
1175 2792 1242 2842 qui
1276 2792 1391 2831 vitam
1423 2799 1735 2841 consumpserunt
1756 2792 1798 2830 in

517 2848 799 2899 antiquitatibus
827 2848 1055 2895 scribendis,
1088 2849 1157 2888 sed
1180 2861 1266 2888 cum
1293 2849 1467 2886 varrone
1488 2848 1546 2885 illi
1577 2849 1800 2899 neutiquam
