1929 3307
743 319 1026 365 —21-'

166 447 263 494 rom
290 412 505 495 annotavit,
532 442 576 479 ιιι
604 436 652 478 de
682 426 838 478 Mense.
867 433 933 488 IV,
962 428 1055 479 13.
1079 452 1103 478 τ
1100 453 1130 498 ,1
1110 431 1230 490 ‘uoti
1244 429 1385 476 ‹552st
1360 448 1464 477 οκτω
1480 428 1584 474 καὶ·

164 504 293 559 ὲνδῶυ
315 503 591 584 φεβρουαρζαιν
618 501 888 563 αἰεμομαχιαν
925 521 950 547 o
971 493 1145 569 Βᾷρῤων
1169 499 1274 558 λέγει
1289 503 1516 553 γίγνεσθαι.
1542 503 1582 540 et

159 572 234 628 IV,
262 572 330 615 87.
349 566 511 628 Νώναις
537 565 776 630 ὄκτωβρίαις
813 569 836 612 ὅ
852 566 1025 652 ΒοέρριιννΙ
1048 571 1092 613 ἓν
1120 569 1268 624 ἑσπέρᾳ
1290 565 1364 617 τὰς
1390 564 1584 615 πλειάδας

165 641 340 705 ἀνίσχειν
359 638 432 703 ,καὶ
435 636 633 699 Ζέφυρον
665 642 800 687 πνεῖν,
834 635 924 681 εἶτα
957 635 1025 679 καὶ
1052 638 1170 692 Λίβα
1194 630 1396 703 πρόλεγιι.
1432 630 1580 687 cf.1V‚

165 705 237 752 35.
275 698 343 748 38.
383 702 496 761 (pag.
534 697 634 746 202.
672 704 735 745 ed.
767 701 932 760 Roetb.)
971 701 1041 748 84.
1069 702 1140 746 91.
1197 701 1308 752 Quae
1335 701 1426 741 cum
1452 698 1511 740 sic
1540 712 1583 740 se

162 773 349 824 habeant,
374 765 535 834 longius
564 767 681 810 etiam
709 768 893 829 progredi
920 768 1026 822 licet,
1053 774 1097 810 ut
1121 767 1291 811 Varroni
1323 762 1445 807 totam
1468 765 1584 806 illam

161 832 449 902 'Ephemeridos
475 843 645 900 partem,
677 850 777 890 quae
801 836 1056 890 prognostica
1084 834 1327 888 continebat,
1355 822 1580 877 reddamus.

160 907 230 950 Ex
258 921 304 948 eo
340 905 446 947 enim
475 895 577 957 quod
605 905 695 945 inde
724 918 750 945 a
777 904 924 957 priscis
952 904 1190 958 temporibus
1216 905 1464 945 observatum
1503 907 1577 953 est,

162 973 266 1030 quid
284 961 502 1029 quibusque
521 958 726 1014 stellarum
753 972 926 1014 motibus
954 972 1253 1037 significaretur,
1282 964 1450 1025 quidque
1477 985 1582 1012 uno-

162 1043 315 1098 quoque
345 1039 409 1081 die
437 1045 664 1080 eventurum
699 1046 827 1091 esset,
868 1045 1004 1081 natum
1030 1048 1090 1081 est
1118 1040 1285 1081 diarium
1307 1039 1431 1089 illud,
1474 1041 1579 1092 quod

159 1096 411 1149 Ptolemaeus
440 1110 478 1145 et
497 1098 738 1147 Laurentius
756 1105 893 1160 Lydus
922 1104 1143 1158 servarunt,
1173 1113 1212 1147 et
1235 1106 1347 1147 cuius
1375 1120 1462 1147 cum
1485 1105 1580 1147 aliis

159 1164 287 1217 Varro
316 1178 453 1213 auctor
480 1171 717 1224 perhibetur.
775 1173 878 1214 Nam
904 1167 1041 1227 Lydus
1069 1179 1278 1226 postquam
1314 1172 1357 1213 iu
1385 1172 1501 1213 libris
1530 1174 1579 1213 de

161 1240 341 1283 Osteutis
378 1252 449 1292 per
490 1253 622 1280 omnes
659 1240 829 1281 omnium
864 1239 1061 1281 mensium
1098 1239 1183 1281 dies
1219 1239 1314 1293 quid
1340 1252 1577 1293 unaquaque

161 1322 215 1350 re·
235 1307 526 1360 significaretur
554 1308 818 1360 enumeravit,
855 1308 956 1349 haec
981 1307 1162 1349 subiicit:
1202 1309 1274 1351 καὶ
1299 1310 1431 1352 ταῦτα
1456 1308 1531 1363 μὲν
1555 1307 1580 1351 ὅ

160 1365 369 1428 Κλώδιος
385 1376 429 1416 ἐκ
447 1376 528 1416 τῶν
543 1371 659 1427 παραὶ
677 1368 875 1424 Θοῦσκοις
895 1377 1010 1428 ἱερῶν
1028 1372 1127 1434 πρὸς
1143 1374 1261 1427 λέξιν,
1280 1376 1351 1432 καὶ
1370 1372 1577 1424 οὗκαῦτὸς

156 1438 298 1496 μόνος,
328 1437 433 1483 ἀλλὰ
447 1438 526 1496 μὴν
552 1440 621 1483 καὶ
636 1438 883 1492 Εἰὲδοξος-
900 1439 1072 1498 Βᾶρῤων
1089 1457 1132 1484 τε
1149 1441 1174 1485 ὅ
1195 1440 1573 1497 Ῥωμαῖοςιιιίἰιιιιει.

156 1521 251 1562 pag.
290 1508 387 1549 357.
443 1507 557 1554 Hinc(
594 1507 715 1560 igitur
745 1509 862 1550 etiam
897 1514 958 1550 est
995 1510 1099 1561 quod
1130 1508 1353 1562 fragmenta
1382 1508 1577 1559 nonnulla

156 1589 302 1627 eorum,
333 1587 432 1628 quae
462 1588 512 1615 ex
540 1575 655 1616 libris
685 1577 732 1617 de
758 1570 915 1619 Mensa
942 1577 1202 1628 notavimus,
1230 1577 1371 1618 iterum
1389 1577 1576 1629 legantur

155 1642 198 1683 in
213 1643 289 1682 hoc
306 1641 445 1685 diario.
464 1676 471 1684 .
506 1642 617 1692 Quae
636 1642 671 1683 si
687 1648 790 1684 recte
820 1657 845 1684 a
871 1642 986 1684 nobis
1006 1643 1208 1696 disputata
1226 1650 1330 1695 suut,
1359 1638 1424 1684 vel
1446 1655 1572 1695 spon-

154 1714 192 1748 te
220 1707 475 1761 intelligitur,
515 1722 565 1750 ea
593 1722 744 1761 quoque
770 1709 923 1764 Lydum
948 1709 991 1749 in
1024 1708 1089 1749 his
1117 1709 1232 1750 libris
1254 1709 1428 1762 legisse,
1472 1720 1574 1761 quae

154 1787 205 1814 ex
231 1772 408 1816 Varrone
444 1774 486 1815 iu
522 1775 637 1816 libris
674 1777 721 1816 de
758 1775 908 1818 Ostent.
937 1788 1031 1828 pag.
1059 1775 1128 1817 37.
1160 1775 1322 1818 rettulit.
1345 1766 1461 1828 >qnae
1500 1788 1574 1815 cu-

156 1838 216 1881 ius
248 1841 405 1892 generis
434 1840 603 1882 fuissent
630 1854 682 1882 ex
704 1841 835 1882 Plinio
865 1841 964 1883 disci
991 1842 1044 1885 N.
1071 1841 1124 1884 H.
1153 1842 1202 1893 11,
1230 1841 1301 1885 36.
1329 1854 1391 1893 sq.
1420 1846 1458 1882 et
1484 1840 1572 1891 Ap-

158 1906 286 1958 puleio
329 1909 376 1947 de
403 1908 554 1949 Mundo
582 1908 735 1949 Hasius
764 1908 983 1952 annotavit.
1038 1908 1149 1960 Ergo
1178 1908 1415 1960 Ephemeris
1442 1918 1571 1947 nava-

158 1973 206 2015 lis
234 1987 322 2015 cum
349 1974 444 2015 talis
472 1974 611 2027 fuerit,
640 1975 796 2027 qualem
824 1975 1132 2028 descripsimus,
1170 1974 1242 2016 vix
1271 1980 1332 2015 est
1356 1974 1459 2026 quod
1485 1984 1570 2012 me-

157 2047 321 2091 tuamus,
349 2054 398 2080 ne
416 2040 504 2096 quis
524 2041 760 2093 obloquatur
777 2042 1120 2095 pronuntiantibus
1139 2043 1269 2093 nobis,
1296 2042 1421 2082 libros
1432 2040 1572 2092 Ephe-

158 2106 321 2150 meridos
349 2097 509 2148 eosdem
536 2120 641 2156 esse
658 2113 774 2161 atque
799 2108 1070 2166 Navales.²⁴)
1117 2104 1312 2161 ,Vegetius
1335 2106 1441 2149 euim
1469 2117 1570 2158 quae

157 2178 200 2217 de
234 2175 351 2217 libris
385 2175 610 2218 Navalibus
645 2176 807 2229 protulit
843 2177 902 2218 ita
939 2183 1031 2219 sunt
1067 2181 1316 2229 comparata,
1359 2180 1402 2214 ut
1439 2171 1570 2224 ipsius

158 2242 436 2295 Ephemeridos
486 2248 637 2296 partem
686 2245 737 2285 ab
782 2256 831 2284 eo
871 2243 1043 2285 describi
1082 2242 1282 2284 continuo
1309 2239 1569 2291 intelligatur.

155 2311 245 2352 dicit
270 2317 401 2353 autem
425 2312 497 2354 lib.
524 2310 580 2365 V,
610 2309 681 2356 11.
709 2313 829 2354 haec.
884 2311 1197 2372 „Prognostica
1208 2314 1479 2362 tempestatum
1507 2305 1568 2346 si-

152 2392 253 2432 gua,
291 2381 393 2432 qua'e
419 2372 611 2433 Virgilius
647 2379 692 2420 in
721 2380 928 2433 Georgicis
959 2378 1092 2421 divino
1121 2391 1247 2432 paene
1276 2372 1568 2428 comprehendit

150 2445 332 2499 ingenio,
366 2453 405 2488 et
430 2446 556 2490 Varro
585 2447 628 2489 iu
655 2448 772 2490 libris
790 2448 1014 2490 Navalibus
1052 2447 1262 2500 diligenter
1290 2442 1565 2499 excoluit...“

154 2525 254 2564 quae
281 2514 401 2554 verba
427 2514 598 2555 Ioannes
628 2514 940 2556 Sar-isberiensis
967 2515 1159 2556 Policrat.
1185 2514 1234 2565 11,
1261 2512 1304 2554 2.
1321 2517 1359 2552 et
1385 2510 1565 2553 Vincent-

152 2579 269 2631 Spec.
297 2573 392 2622 Nat.
419 2580 495 2633 IV,
521 2580 594 2624 41.
623 2594 698 2623 sua
715 2581 915 2636 lecerunt.
970 2581 1099 2636 Atque
1126 2582 1227 2622 baec
1262 2593 1367 2620 nunc
1402 2577 1557 2630 quidem

149 2640 357 2689 hactenus,
386 2660 507 2705 causa
534 2644 641 2688 enim
667 2650 842 2689 nondum
872 2649 1052 2690 omnibus
1079 2642 1304 2688 nominibus
1333 2650 1396 2685 est
1424 2642 1560 2684 conse-

190 2758 249 2802 24)
269 2759 368 2794 Male
387 2757 626 2795 Wernsdorf.
653 2759 680 2796 1.
699 2770 733 2797 c.
763 2759 831 2796 hos
853 2757 971 2796 libros
989 2757 1172 2796 Varronis
1190 2755 1339 2793 Atacini
1364 2765 1446 2791 esse
1468 2752 1566 2789 dixit

276 2823 368 2857 quos
395 2813 645 2850 Schneiderus
671 2820 709 2850 et
733 2816 948 2870 Wiillnerus
972 2815 1024 2850 de
1054 2816 1223 2851 Varrone
1242 2814 1348 2849 Atac.
1372 2823 1412 2859 p·
1428 2814 1486 2848 29.
1510 2812 1564 2846 Μ.

278 2868 439 2904 Varroni
458 2881 481 2905 ι
487 2868 708 2906 iudicarunt.
