1961 3309
917 309 1199 357 ’-..30--

339 392 543 482 Potuisset
579 429 722 472 autem
746 426 873 473 libros
910 419 1105 470 Varronis
1139 427 1277 482 Lydus
1313 420 1548 490 inspicere,
1573 423 1653 467 uisi
1682 422 1767 466 ia'm

339 499 425 533 tum
450 500 534 535 aut
543 485 690 551 perditi
717 500 785 535 aut
812 506 1002 551 perquam
1028 494 1113 536 rari
1140 494 1324 540 fuissent.
1351 492 1495 551 patuit
1504 485 1609 541 enim
1630 492 1695 546 ei,
1714 495 1767 532 ‘ut

340 556 432 616 ipse
462 558 578 605 testis
606 568 681 612 est,
708 560 841 603 aditus
869 562 921 602 ad
950 559 1123 627 optimas
1140 555 1421 624 bibliothecas.
1477 551 1673 602 Admouet
1688 559 1768 613 igi-

338 632 404 667 tur
434 626 512 668 hoc
528 627 632 685 Lydi
659 626 894 679 exemplum,
926 631 969 667 ut
997 621 1104 671 cauti
1125 620 1250 668 simus
1280 626 1324 667 in
1348 616 1613 667 diiudicandis
1639 625 1767 668 serio-

337 704 428 734 rum
457 692 691 749 scriptorum
711 691 995 737 notationibus.
1053 691 1192 748 Neque
1215 690 1320 735 euim
1345 703 1420 746 ego
1429 686 1674 754 quemquam
1699 688 1767 734 in-

337 762 443 815 veni,
473 775 587 815 quem
615 773 716 815 quae
744 775 798 803 ex
817 757 997 804 Varrone
1024 762 1245 820 attulisset,
1267 774 1319 802 ex
1336 760 1449 814 ipsis
1474 760 1592 802 libris
1614 759 1766 802 Varro-

336 830 405 872 uis
435 828 647 886 scripsisse
666 834 805 882 posset
832 823 1038 874 affirmari.
1045 827 1117 888 ²⁹)
1172 828 1462 872 Verumtamen
1467 832 1559 870 sunt
1584 826 1664 876 riri
1691 828 1766 869 do-

338 889 393 939 cti
440 897 582 951 quibus
632 896 749 940 aliter
792 896 923 938 visum
969 897 1035 940 sit.
1113 895 1354 942 Thorlacius
1391 895 1497 937 enim
1537 893 1765 959 (Prolusio-

335 979 431 1007 num
467 964 533 1008 Τ.
549 963 599 1006 V.
628 978 669 1017 p.
699 962 821 1022 107.)
866 964 1054 1006 Ioannem
1097 961 1437 1007 Sarisberieusem
1480 956 1766 1016 Antiquitatum

334 1035 463 1076 libros
509 1033 623 1089 ipsos
661 1033 890 1087 inspexisse
939 1031 1043 1090 dixit
1088 1032 1299 1074 manifesto
1346 1028 1606 1079 demonstrari
1649 1026 1766 1070 Poli-

338 1093 438 1143 crat.
477 1099 549 1146 lib.
581 1098 686 1148 VIII.
728 1114 763 1145 ιι.
792 1100 834 1144 7.
876 1114 952 1153 quo
990 1100 1034 1145 in
1080 1100 1169 1142 loco
1216 1100 1387 1143 Ioannes
1436 1092 1633 1152 „testatur
1674 1093 1764 1151 hoc,

336 1166 486 1222 iuquit,
532 1166 592 1211 M.
635 1165 785 1217 Varro,
834 1166 902 1218 qui
947 1167 1189 1207 enumeratis
1228 1178 1329 1218 quae
1366 1166 1410 1206 in
1445 1164 1589 1218 quibus
1623 1165 1763 1206 Italiae

336 1232 518 1285 partibus
558 1231 709 1288 optima
746 1232 796 1272 ad
836 1231 983 1272 victum
1020 1231 1258 1284 gignantur,
1296 1230 1471 1286 palmam
1497 1229 1633 1272 tribuit
1659 1229 1765 1283 pisci

342 1297 536 1342 Tiberino
568 1297 635 1338 his
666 1297 800 1339 verbis
834 1297 904 1339 lib.
930 1298 999 1339 xl.
1037 1298 1187 1338 Rerum
1224 1298 1503 1343 humanarum:
1543 1297 1595 1337 ad
1618 1296 1764 1338 victum

333 1366 464 1421 relq.“
527 1365 581 1407 At
608 1380 679 1407 cur
710 1365 954 1408 Thorlacius
995 1366 1202 1418 Ioannem,
1250 1365 1318 1418 qui
1353 1378 1403 1406 ne
1450 1377 1570 1405 unum
1607 1364 1762 1421 quidem

334 1448 483 1478 novum
518 1434 780 1489 fragmentum
819 1447 872 1474 ex
899 1432 1079 1475 Varrone
1116 1432 1313 1485 servavit,
1348 1432 1449 1474 haec
1488 1444 1541 1473 ex
1564 1430 1764 1473 Macrobii

335 1502 422 1544 Sat.
437 1501 504 1553 111,
535 1501 603 1543 16.
641 1501 830 1543 hausisse
866 1501 1093 1553 negaverit,
1130 1499 1377 1554 probabilem
1405 1498 1561 1552 quidem
1597 1494 1761 1541 causam

333 1582 417 1610 non
441 1568 580 1610 video:
608 1568 841 1626 praesertim
870 1582 959 1611 cum
987 1560 1154 1610 alteram
1184 1567 1441 1621 sententiam,
1469 1567 1763 1621 pronuntiatam

332 1635 448 1676 illam
488 1635 568 1675 iarn
608 1648 634 1675 a
670 1635 911 1688 Meinersio,
958 1636 1117 1676 minime
1154 1635 1341 1677 nesciret.
1409 1635 1573 1678 Scilicet
1610 1636 1763 1689 decepit

334 1716 423 1746 eum
449 1701 556 1746 fama
583 1701 777 1755 mendax,
808 1716 908 1756 quae
937 1704 1058 1746 etiam
1085 1703 1345 1745 Petrarcham
1371 1702 1550 1744 iuvenem
1577 1701 1763 1764 Antiqui-

332 1763 434 1812 tates
472 1768 672 1823 Varronis
710 1768 862 1812 vidisse
901 1771 1094 1823 vulgavit.
1163 1770 1288 1811 Cuius
1323 1770 1559 1812 historiolae
1599 1769 1761 1830 primus,

333 1837 437 1890 quod
469 1836 612 1887 sciam,
652 1843 790 1879 auctor
828 1843 890 1878 est
920 1837 1131 1881 Mehusius
1161 1836 1203 1877 in
1230 1836 1326 1879 Vita
1352 1836 1536 1880 Amin-os.
1566 1835 1759 1879 Travers.

333 1904 387 1945 Τ.
408 1903 439 1945 Ι.
479 1916 519 1955 ιι.
546 1902 645 1951 216.
703 1903 881 1947 Floreut.
905 1903 1054 1956 1722.ss
1084 1917 1197 1956 quem
1230 1904 1405 1956 sequitur
1426 1903 1682 1946 Villoisonus
1717 1903 1762 1944 in

329 1967 535 2011 Auecdott.
562 1969 693 2014 Indice
722 1983 760 2011 v.
779 1967 922 2021 Varro,
952 1977 990 2011 et
1016 1969 1067 2012 A.
1090 1968 1225 2014 Maius
1256 1970 1298 2010 iu
1320 1958 1489 2028 praefat.
1515 1971 1568 2011 a‘d
1595 1969 1760 2015 Cicero-

328 2034 395 2075 nis
424 2034 496 2076 lib.
525 2035 573 2076 de
603 2035 776 2091 Republ.
833 2036 1026 2078 Perlectis
1056 2036 1188 2078 autem
1215 2036 1455 2082 Petrarchae
1482 2037 1638 2089 verbis,
1668 2036 1760 2098 qui-

330 2105 407 2145 bus
446 2103 524 2147 hoc
552 2104 656 2146 tradi
685 2104 840 2157 dicunt,
882 2117 979 2151 sane
1007 2104 1146 2147 mirari
1185 2105 1328 2160 subiit,
1369 2106 1436 2161 qui
1461 2105 1548 2148 fleri
1575 2105 1759 2165 potuerit,

328 2176 372 2211 ut
397 2172 520 2211 verba
550 2185 651 2227 quae
680 2172 799 2224 plane
829 2173 1068 2214 contrariam
1095 2174 1328 2214 sententiam
1355 2174 1541 2215 afferrent
1558 2177 1638 2218 tatu
1665 2187 1759 2227 per-

330 2251 444 2279 verse
473 2238 519 2280 hi
545 2238 621 2284 viri
651 2235 1013 2293 interpretarentur.
1070 2239 1178 2287 Dicit
1205 2240 1311 2282 enim
1340 2240 1558 2283 Petrai-cha
1583 2240 1627 2281 in
1653 2233 1759 2295 Epi-

330 2305 436 2347 stola
470 2308 523 2347 ad
558 2305 618 2353 Μ,
656 2306 876 2351 Varronem
913 2308 1041 2368 (Epp.
1083 2310 1135 2351 ad
1171 2306 1289 2349 Viros
1327 2309 1391 2350 Ill.
1426 2305 1514 2351 Vet.
1537 2306 1600 2362 5.)
1635 2308 1758 2349 haec=

326 2373 582 2428 „Nonnullae
612 2380 743 2421 tamen
771 2381 908 2418 extant
930 2376 996 2417 vel
1020 2377 1229 2417 admodum
1255 2375 1411 2420 lacerae
1429 2376 1570 2418 horum
1597 2389 1759 2429 operum

327 2439 565 2500 (Varronis)
593 2441 805 2494 reliquiae,
843 2455 865 2482 e
894 2442 1037 2495 quibus
1065 2442 1225 2496 aliquas
1253 2432 1405 2497 pridem
1433 2443 1527 2496 vidi,
1556 2450 1594 2485 et
1620 2457 1757 2486 recor-

327 2507 488 2552 datione
527 2513 713 2566 torqueor
751 2510 939 2562 summis,
976 2516 1019 2551 ut
1050 2510 1180 2564 aiunt,
1221 2509 1343 2552 labiis
1371 2517 1556 2567 gustatae
1579 2512 1757 2554 dulcedi·-

327 2574 417 2623 nis3
454 2583 499 2617 et
527 2589 582 2616 ea
610 2578 707 2631 ipsa
728 2581 967 2632 praecipue
993 2576 1263 2620 Divinarum
1290 2586 1334 2620 et
1360 2575 1670 2624 Humanarum
1694 2581 1753 2623 li-

371 2709 433 2752 29)
462 2708 611 2745 Cadunt
625 2709 720 2746 haec
736 2710 776 2746 in
794 2710 1080 2756 cassiodorum,
1103 2711 1556 2761 Martianum'CapeIlam,
1580 2714 1754 2752 Vinoene

460 2764 568 2811 tium,
597 2767 783 2802 Ioannem
801 2766 1132 2812 Sarisberiensem,
1157 2767 1265 2813 elios,
1289 2779 1449 2817 quorum
1470 2769 1629 2806 nomina
1648 2767 1754 2811 indi-
1807 2791 1809 2794 ·

464 2832 570 2858 casse
585 2820 675 2858 satis
690 2821 750 2859 sit.
808 2822 983 2870 Singulos
1009 2823 1112 2861 enim
1136 2822 1352 2875 singulatim
1375 2825 1573 2879 persequi,
1607 2831 1645 2862 et
1662 2827 1753 2863 lon-

460 2888 552 2924 gum
568 2884 626 2914 est
647 2886 686 2915 et
708 2880 919 2915 molestum.
