2011 3327
1005 314 1289 369 ...20-

438 427 602 482 inquit,
619 428 645 473 ὅ
657 426 862 499 Ῥῶμυλος
879 427 1329 493 dalmat—BQ?
1348 446 1392 481 ts
1407 429 1431 474 ὅ
1457 429 1863 493 πολθνμαθέστατος

435 500 481 542 ἐν
496 502 707 559 newenton,-
717 501 814 544 τῶν
832 496 965 565 πρὸς
978 495 1202 555 Πομπήΐ
1210 514 1267 543 ον
1285 498 1398 556 αὐτῷ
1414 496 1706 564 γεγραμμένων
1760 493 1863 563 Qni-

433 566 511 621 bus
539 565 674 606 verbis
702 563 909 627 quominus
938 556 1105 605 alterum
1130 560 1248 606 illum
1270 544 1420 607 librum
1449 567 1564 617 que'm
1591 566 1719 619 Varro
1740 557 1862 620 Poin-

432 631 525 684 poio
564 633 613 672 de
652 630 802 671 Senatu
840 621 1011 684 scripsit
1024 629 1224 684 'potemus
1260 629 1479 685 significari
1522 629 1706 694 impedit,
1757 636 1862 696 quod

433 699 591 741 Gellius
619 704 757 745 narrat
783 697 916 743 Noctt.
941 696 1022 740 Au.
1039 697 1144 751 xlv,
1163 698 1205 743 7.
1234 713 1293 753 ες.
1309 699 1380 756 ²³)
1421 699 1518 752 jam
1536 712 1629 742 vero
1657 715 1745 754 cnm
1772 715 1860 746 eam

429 765 555 806 fuisse
584 764 701 804 huius
721 763 813 803 libri
835 763 1011 810 indolem
1036 770 1075 805 et
1103 765 1315 806 consilium
1343 762 1656 817 cognoverimus,
1684 774 1728 809 nt
1754 782 1859 811 nau-

428 838 508 877 tae
520 820 664 875 libr-mn
691 836 880 883 tenerent,
908 843 961 872 ex
989 843 1066 889 qno
1097 843 1175 885 qua
1198 831 1353 873 ratione
1367 831 1490 874 maris
1507 832 1697 886 periculis
1716 848 1858 877 occur-

426 901 614 955 rendum,
659 904 698 939 et
726 898 819 950 quid
847 898 891 938 in
917 899 1144 950 navigando
1174 900 1465 945 observandum
1486 899 1627 951 quidve
1652 895 1857 942 vitandum

425 973 533 1010 esset
570 967 787 1018 discerent,
838 953 904 1007 vel
938 971 983 1006 ut
1007 964 1202 1007 Itinerarii
1232 971 1369 1007 auctor
1397 965 1473 1018 ait,
1527 965 1853 1019 „inclinationem

427 1034 570 1075 oceani
607 1033 863 1086 reliquosque
900 1038 1031 1075 motus
1060 1033 1192 1074 aerios
1216 1035 1534 1088 praescientiae
1559 1029 1648 1088 fide
1674 1034 1853 1077 declina·

423 1103 555 1153 rent‚“
570 1101 676 1154 ‘qnid
698 1098 857 1147 tandem
871 1100 982 1142 aliud
1002 1100 1045 1140 in
1073 1099 1146 1141 tali
1166 1100 1269 1142 libro
1289 1100 1509 1153 quaesieris
1527 1115 1645 1155 quam
1658 1115 1853 1157 progno-

422 1171 550 1212 stica.
606 1167 753 1225 Neque,
774 1166 879 1209 enim
916 1166 1023 1208 alius
1060 1167 1220 1219 generis
1258 1172 1350 1209 sunt
1378 1180 1478 1220 quae
1501 1168 1640 1222 Lydus
1668 1183 1720 1211 ex
1745 1169 1851 1214 Var-

463 1326 525 1371 25)
532 1325 669 1361 Mirum
681 1330 810 1360 tamen
826 1321 949 1359 videri
956 1321 1295 1370 possitVarronem
1311 1321 1352 1358 in
1367 1322 1566 1371 prooemio
1574 1323 1846 1372 Ephemeridos

554 1380 702 1417 navalis
717 1379 765 1415 de
780 1381 925 1415 Graeca
939 1378 1092 1426 linguae
1111 1377 1269 1414 Latinae
1291 1378 1437 1425 origine
1449 1378 1673 1426 disputasse,
1714 1381 1842 1428 Spen-

514 1478 517 1480 ,
554 1437 674 1486 gelius
690 1435 738 1470 ad
749 1436 911 1471 Van-on.
919 1433 1028 1481 Ling.
1037 1435 1117 1470 Lat.
1126 1445 1163 1481 p.
1172 1436 1207 1470 7.
1215 1445 1272 1482 sq.
1291 1445 1371 1469 non
1389 1440 1463 1469 tam
1475 1433 1546 1469 hac
1562 1445 1672 1478 causa
1691 1446 1846 1480 permo-

551 1498 632 1535 tus,
656 1489 723 1526 sed
746 1489 837 1525 alias
853 1488 1021 1524 rationes
1039 1494 1211 1532 secutus,
1235 1500 1319 1524 eam
1335 1487 1532 1536 'proposuit
1546 1488 1780 1535 sententiam,
1803 1493 1845 1524 ut

552 1559 574 1582 a
591 1545 699 1592 Lydo
726 1543 865 1579 librum
896 1542 946 1578 de
968 1542 1122 1591 Origine
1152 1542 1280 1590 lingae
1303 1543 1458 1578 Latinae
1484 1542 1679 1587 (Priscian.
1704 1557 1743 1591 p.
1762 1544 1841 1581 556.

550 1602 698 1638 Putsch.
701 1602 716 1644 )
738 1598 928 1636 nominari
945 1598 1110 1642 diceret,
1135 1599 1200 1648 qui
1214 1598 1333 1635 totius
1352 1599 1477 1646 operis
1494 1599 1541 1635 de
1554 1598 1699 1647 Lingua
1709 1600 1844 1636 Latina

555 1656 758 1705 compositi
783 1656 915 1692 fuisset
939 1654 1103 1703 primus,
1138 1661 1177 1691 et
1201 1655 1248 1691 ad
1266 1656 1335 1692 Cn.
1359 1655 1580 1704 Pompeium
1600 1656 1749 1694 missus.
1793 1658 1845 1693 At

554 1713 701 1750 etiamsi
717 1719 933 1760 temporum
941 1711 1035 1747 ratio
1044 1711 1145 1747 hanc
1160 1711 1386 1757 sententiam
1394 1723 1473 1748 non
1483 1711 1672 1756 refutaret,
1689 1712 1755 1749 vix
1773 1724 1843 1749 co-

547 1768 658 1818 gitari
681 1768 811 1803 liceret
826 1768 1039 1803 Varronem
1068 1766 1115 1801 ad
1138 1767 1208 1804 Cn.
1227 1766 1452 1813 Pompeium
1477 1766 1621 1815 aliquid
1645 1767 1693 1803 de
1714 1758 1841 1815 lingua

550 1824 684 1861 Latina
699 1822 904 1870 scripsisse.
933 1823 1033 1868 Quas
1049 1821 1283 1857 difficultates
1309 1821 1535 1857 removendi
1561 1822 1718 1858 fortasse
1741 1823 1838 1859 ratIo

550 1881 622 1917 erit
660 1880 768 1915 haec.
832 1877 1036 1926 Pompeius
1079 1876 1349 1913 Grammaticus
1401 1875 1574 1913 duobus
1585 1877 1680 1914 locis
1721 1877 1838 1916 libros

545 1936 729 1973 Varronis
753 1934 801 1970 ad
820 1933 986 1970 Atticum
1008 1933 1142 1969 missos
1162 1938 1433 1969 commemorat
1459 1933 1554 1978 (vid.
1568 1945 1671 1981 supr.
1691 1946 1729 1981 p.
1750 1937 1835 1981 10.)‚

546 1999 658 2041 atque
684 2002 733 2027 ex
765 1990 813 2026 iis
835 1995 980 2034 narrat,
1012 1994 1104 2037 quot
1122 1989 1268 2025 litterae
1297 1988 1390 2024 olim
1407 1988 1548 2025 fuerint
1570 1991 1740 2033 Romae,
1767 2003 1836 2028 ea-

543 2059 703 2095 rumque
725 2057 901 2082 numerus
925 2057 1086 2093 quorum
1108 2045 1278 2081 virorum
1304 2057 1379 2092 ope
1395 2046 1567 2082 creverit.
1592 2058 1688 2095 quae
1703 2047 1835 2096 quiex

542 2103 641 2139 libro
655 2102 704 2137 de
714 2100 870 2148 Origine
884 2100 1034 2148 linguae
1042 2100 1202 2137 Latinae
1221 2100 1360 2147 scripto
1378 2101 1618 2137 contenderit
1627 2113 1719 2142 esse,
1740 2114 1835 2150 pro-

542 2156 709 2193 babilem
721 2167 813 2192 sane
825 2154 1306 2203 proposueritsententiam.
1334 2155 1451 2204 Atqui
1462 2156 1566 2200 haec,
1584 2168 1680 2205 quae
1692 2168 1740 2193 ex
1750 2157 1834 2204 Ly·-

544 2213 596 2248 do
629 2211 886 2259 ascripsimus,
916 2211 1041 2246 eidem
1073 2210 1171 2247 libro
1206 2209 1339 2246 deberi
1362 2223 1442 2247 non
1467 2215 1590 2248 solum
1617 2224 1678 2249 res
1700 2214 1834 2251 suadet

544 2280 642 2318 quae
664 2273 854 2310 narratur,
880 2266 947 2302 sed
974 2266 1087 2303 etiam
1103 2266 1230 2313 Lydus
1251 2266 1333 2314 ipse
1347 2265 1544 2304 indicavit.
1562 2267 1663 2316 quod
1678 2269 1833 2317 quomi-

541 2337 614 2361 nus
643 2324 767 2371 primo
795 2322 927 2359 obtutu
962 2322 1121 2370 intelligi
1149 2329 1278 2369 posset
1300 2322 1576 2368 impedimento
1606 2323 1676 2359 fuit
1698 2336 1835 2373 magna

538 2377 787 2428 negligentia,
812 2390 886 2426 qua
910 2376 1057 2414 librarii
1078 2377 1120 2413 in
1135 2377 1330 2415 Laurentii
1347 2376 1446 2413 libro
1467 2377 1719 2417 describendo
1741 2392 1830 2416 ver-

538 2434 608 2470 sati
621 2440 718 2469 sunt.
750 2432 905 2479 Scripsit
920 2433 1023 2468 enim
1037 2433 1102 2468 ille
1116 2438 1158 2468 ut
1174 2432 1327 2480 opinor:
1351 2433 1421 2466 τῶν
1435 2432 1523 2479 πρὸς
1538 2436 1609 2467 Ilo
1619 2447 1646 2480 μ
1656 2447 1682 2468 π
1693 2434 1718 2469 ὦ
1730 2448 1749 2469 r
1759 2449 1772 2469 ι
1782 2448 1831 2470 ον

541 2492 780 2538 γεραμμένων.
825 2489 929 2524 Idem
945 2489 1055 2536 igitur
1066 2488 1174 2533 liber,
1195 2492 1258 2539 qui
1276 2488 1417 2537 primus
1432 2490 1561 2530 fuisset
1576 2491 1689 2528 totius
1706 2493 1831 2540 operis

538 2547 586 2582 de
598 2546 742 2594 Lingua
758 2544 902 2588 Latina,
923 2550 1082 2580 vocatur
1103 2556 1126 2579 a
1141 2543 1332 2580 Priscian«)
1353 2543 1400 2578 de
1413 2535 1565 2592 Origine
1578 2545 1706 2593 lingue
1720 2548 1831 2582 Lati-

537 2614 624 2647 nae,
649 2614 671 2637 a
687 2600 867 2648 Pompeio
888 2600 1013 2636 Gram.
1034 2598 1089 2635 ad
1105 2601 1295 2644 Atticum,
1321 2611 1344 2636 a
1359 2599 1469 2646 Lydo
1492 2612 1549 2647 πρ
1564 2600 1610 2639 ὂς
1632 2604 1676 2635 11
1681 2613 1701 2635 o
1711 2601 1831 2647 μπώ-

541 2670 652 2693 νιον.
678 2669 754 2705 quo
784 2654 913 2692 omnia
941 2655 1038 2691 bene
1067 2655 1290 2700 concinunt,
1331 2667 1556 2704 quamquam
1588 2657 1636 2692 de
1665 2660 1829 2711 Pompe·

534 2714 563 2750 ii
591 2709 848 2749 notationibus
876 2708 985 2745 aliter
1013 2709 1139 2745 statuit
1161 2708 1380 2747 Schneider.
1404 2714 1442 2745 et
1459 2711 1633 2747 Mueller.
1650 2710 1697 2746 ad
1707 2707 1827 2757 Ling.

536 2773 619 2807 Lat.
634 2781 672 2816 p.
689 2769 771 2804 26³.
822 2765 891 2802 Cui
910 2764 1148 2802 coniecturae
1170 2764 1203 2810 si
1223 2767 1410 2802 calculum
1429 2765 1632 2811 adieceris,
1661 2765 1729 2802 etsi
1756 2766 1828 2812 de-

535 2826 704 2863 trahetur
726 2821 833 2859 libris
851 2820 1126 2868 Ephemeridos
1147 2821 1401 2867 fragmentum
1422 2820 1515 2857 illud
1539 2833 1587 2856 ex
1608 2820 1739 2868 Lydo,
1762 2821 1829 2858 ni·-

533 2882 613 2919 hilo
628 2886 756 2916 tamen
774 2876 900 2913 minus
915 2874 1027 2912 stabit
1048 2875 1234 2913 sententia
1250 2888 1362 2925 quam
1380 2876 1606 2929 proposituri
1622 2889 1760 2917 sumus.
